time,price,bid,ask
2016-04-12 12:24:59.092071,109.83,109.74,109.73
2016-04-12 12:25:00.345555,109.81,109.74,109.73
2016-04-12 12:25:01.647421,109.81,109.74,109.73
2016-04-12 12:25:02.616466,109.81,109.74,109.73
2016-04-12 12:25:03.148969,109.81,109.74,109.73
2016-04-12 12:25:03.665343,109.81,109.74,109.73
2016-04-12 12:25:04.180944,109.81,109.74,109.73
2016-04-12 12:25:04.810763,109.81,109.74,109.73
2016-04-12 12:25:05.406244,109.81,109.74,109.73
2016-04-12 12:25:05.923972,109.81,109.74,109.73
2016-04-12 12:25:06.435886,109.81,109.74,109.73
2016-04-12 12:25:06.944504,109.81,109.74,109.73
2016-04-12 12:25:07.559950,109.81,109.74,109.73
2016-04-12 12:25:08.069946,109.81,109.74,109.73
2016-04-12 12:25:08.683261,109.81,109.74,109.73
2016-04-12 12:25:09.195475,109.81,109.74,109.73
2016-04-12 12:25:09.705543,109.81,109.74,109.73
2016-04-12 12:25:10.219138,109.815,109.74,109.73
2016-04-12 12:25:10.831779,109.815,109.74,109.73
2016-04-12 12:25:11.313378,109.815,109.74,109.73
2016-04-12 12:25:11.471240,109.815,109.74,109.73
2016-04-12 12:25:11.638490,109.82,109.74,109.73
2016-04-12 12:25:11.813501,109.82,109.74,109.73
2016-04-12 12:25:11.974256,109.82,109.74,109.73
2016-04-12 12:25:12.135141,109.8,109.74,109.73
2016-04-12 12:25:12.288337,109.8,109.74,109.73
2016-04-12 12:25:12.444190,109.8,109.74,109.73
2016-04-12 12:25:12.617370,109.8,109.74,109.73
2016-04-12 12:25:12.781988,109.8,109.74,109.73
2016-04-12 12:25:12.932156,109.8,109.74,109.73
2016-04-12 12:25:13.097228,109.8,109.74,109.73
2016-04-12 12:25:13.249188,109.8,109.74,109.73
2016-04-12 12:25:13.404289,109.8,109.74,109.73
2016-04-12 12:25:13.573662,109.8,109.74,109.73
2016-04-12 12:25:13.738416,109.8,109.74,109.73
2016-04-12 12:25:13.916593,109.81,109.74,109.73
2016-04-12 12:25:14.085059,109.81,109.74,109.73
2016-04-12 12:25:14.255661,109.81,109.74,109.73
2016-04-12 12:25:14.409840,109.81,109.74,109.73
2016-04-12 12:25:14.567403,109.81,109.74,109.73
2016-04-12 12:25:14.721174,109.81,109.74,109.73
2016-04-12 12:25:14.941822,109.81,109.74,109.73
2016-04-12 12:25:15.113831,109.81,109.74,109.73
2016-04-12 12:25:15.271001,109.81,109.74,109.73
2016-04-12 12:25:15.464562,109.81,109.74,109.73
2016-04-12 12:25:15.628847,109.81,109.74,109.73
2016-04-12 12:25:15.789325,109.81,109.74,109.73
2016-04-12 12:25:15.953423,109.81,109.74,109.73
2016-04-12 12:25:16.183971,109.81,109.74,109.73
2016-04-12 12:25:16.344977,109.81,109.74,109.73
2016-04-12 12:25:16.506681,109.81,109.74,109.73
2016-04-12 12:25:16.665011,109.81,109.74,109.73
2016-04-12 12:25:16.843035,109.81,109.74,109.73
2016-04-12 12:25:17.000962,109.81,109.74,109.73
2016-04-12 12:25:17.178540,109.81,109.74,109.73
2016-04-12 12:25:17.341041,109.81,109.74,109.73
2016-04-12 12:25:17.503325,109.81,109.74,109.73
2016-04-12 12:25:17.677401,109.81,109.74,109.73
2016-04-12 12:25:17.838686,109.81,109.74,109.73
2016-04-12 12:25:18.001080,109.81,109.74,109.73
2016-04-12 12:25:18.162700,109.81,109.74,109.73
2016-04-12 12:25:18.321505,109.81,109.74,109.73
2016-04-12 12:25:18.476780,109.81,109.74,109.73
2016-04-12 12:25:18.647582,109.81,109.74,109.73
2016-04-12 12:25:18.805756,109.81,109.74,109.73
2016-04-12 12:25:18.965942,109.81,109.74,109.73
2016-04-12 12:25:19.128978,109.81,109.74,109.73
2016-04-12 12:25:19.292773,109.81,109.74,109.73
2016-04-12 12:25:19.457910,109.81,109.74,109.73
2016-04-12 12:25:19.643715,109.81,109.74,109.73
2016-04-12 12:25:19.793251,109.81,109.74,109.73
2016-04-12 12:25:19.950034,109.81,109.74,109.73
2016-04-12 12:25:20.122004,109.81,109.74,109.73
2016-04-12 12:25:20.283700,109.81,109.74,109.73
2016-04-12 12:25:20.441190,109.81,109.74,109.73
2016-04-12 12:25:20.598362,109.8199,109.74,109.73
2016-04-12 12:25:20.749328,109.8199,109.74,109.73
2016-04-12 12:25:20.912118,109.8199,109.74,109.73
2016-04-12 12:25:21.106468,109.8199,109.74,109.73
2016-04-12 12:25:21.271503,109.82,109.74,109.73
2016-04-12 12:25:21.453191,109.82,109.74,109.73
2016-04-12 12:25:21.641904,109.82,109.74,109.73
2016-04-12 12:25:21.801991,109.82,109.74,109.73
2016-04-12 12:25:21.961293,109.82,109.74,109.73
2016-04-12 12:25:22.119778,109.82,109.74,109.73
2016-04-12 12:25:22.273482,109.82,109.74,109.73
2016-04-12 12:25:22.441291,109.82,109.74,109.73
2016-04-12 12:25:22.590603,109.82,109.74,109.73
2016-04-12 12:25:22.744894,109.8232,109.74,109.73
2016-04-12 12:25:22.893605,109.825,109.74,109.73
2016-04-12 12:25:23.074520,109.825,109.74,109.73
2016-04-12 12:25:23.228310,109.825,109.74,109.73
2016-04-12 12:25:23.413417,109.825,109.74,109.73
2016-04-12 12:25:23.568600,109.8272,109.74,109.73
2016-04-12 12:25:23.725858,109.8272,109.74,109.73
2016-04-12 12:25:23.883596,109.825,109.74,109.73
2016-04-12 12:25:24.040960,109.825,109.74,109.73
2016-04-12 12:25:24.197742,109.825,109.74,109.73
2016-04-12 12:25:24.352092,109.825,109.74,109.73
2016-04-12 12:25:24.507120,109.825,109.74,109.73
2016-04-12 12:25:24.664683,109.825,109.74,109.73
2016-04-12 12:25:24.832222,109.825,109.74,109.73
2016-04-12 12:25:24.991220,109.825,109.74,109.73
2016-04-12 12:25:25.178299,109.825,109.74,109.73
2016-04-12 12:25:25.431384,109.825,109.74,109.73
2016-04-12 12:25:25.589865,109.825,109.74,109.73
2016-04-12 12:25:25.747797,109.825,109.74,109.73
2016-04-12 12:25:25.910287,109.825,109.74,109.73
2016-04-12 12:25:26.071850,109.825,109.74,109.73
2016-04-12 12:25:26.242788,109.8299,109.74,109.73
2016-04-12 12:25:26.405298,109.8299,109.74,109.73
2016-04-12 12:25:26.571368,109.8299,109.74,109.73
2016-04-12 12:25:26.734919,109.8299,109.74,109.73
2016-04-12 12:25:26.908582,109.8299,109.74,109.73
2016-04-12 12:25:27.065196,109.8299,109.74,109.73
2016-04-12 12:25:27.253755,109.8299,109.74,109.73
2016-04-12 12:25:27.414854,109.8299,109.74,109.73
2016-04-12 12:25:27.566491,109.8299,109.74,109.73
2016-04-12 12:25:27.725607,109.8299,109.74,109.73
2016-04-12 12:25:27.887100,109.8299,109.74,109.73
2016-04-12 12:25:28.038527,109.8299,109.74,109.73
2016-04-12 12:25:28.196826,109.8299,109.74,109.73
2016-04-12 12:25:28.354534,109.8299,109.74,109.73
2016-04-12 12:25:28.508596,109.8299,109.74,109.73
2016-04-12 12:25:28.672492,109.8299,109.74,109.73
2016-04-12 12:25:28.831681,109.8299,109.74,109.73
2016-04-12 12:25:28.981064,109.8299,109.74,109.73
2016-04-12 12:25:29.188230,109.8299,109.74,109.73
2016-04-12 12:25:29.351685,109.8299,109.74,109.73
2016-04-12 12:25:29.512833,109.8299,109.74,109.73
2016-04-12 12:25:29.755533,109.8299,109.74,109.73
2016-04-12 12:25:29.935922,109.8299,109.74,109.73
2016-04-12 12:25:30.091052,109.8299,109.74,109.73
2016-04-12 12:25:30.246011,109.83,109.74,109.73
2016-04-12 12:25:30.401170,109.8301,109.74,109.73
2016-04-12 12:25:30.556860,109.8301,109.74,109.73
2016-04-12 12:25:30.717481,109.835,109.74,109.73
2016-04-12 12:25:30.883385,109.83,109.74,109.73
2016-04-12 12:25:31.096417,109.83,109.74,109.73
2016-04-12 12:25:31.329879,109.83,109.74,109.73
2016-04-12 12:25:31.485670,109.82,109.74,109.73
2016-04-12 12:25:31.637763,109.82,109.74,109.73
2016-04-12 12:25:31.898022,109.82,109.74,109.73
2016-04-12 12:25:32.060048,109.82,109.74,109.73
2016-04-12 12:25:32.221122,109.82,109.74,109.73
2016-04-12 12:25:32.377201,109.82,109.74,109.73
2016-04-12 12:25:32.534446,109.82,109.74,109.73
2016-04-12 12:25:32.694121,109.82,109.74,109.73
2016-04-12 12:25:32.862892,109.82,109.74,109.73
2016-04-12 12:25:33.036641,109.82,109.74,109.73
2016-04-12 12:25:33.195882,109.82,109.74,109.73
2016-04-12 12:25:33.360062,109.82,109.74,109.73
2016-04-12 12:25:33.521910,109.82,109.74,109.73
2016-04-12 12:25:33.705306,109.82,109.74,109.73
2016-04-12 12:25:33.864119,109.82,109.74,109.73
2016-04-12 12:25:34.021728,109.82,109.74,109.73
2016-04-12 12:25:34.181805,109.82,109.74,109.73
2016-04-12 12:25:34.335625,109.82,109.74,109.73
2016-04-12 12:25:34.494771,109.82,109.74,109.73
2016-04-12 12:25:34.658548,109.82,109.74,109.73
2016-04-12 12:25:34.822115,109.82,109.74,109.73
2016-04-12 12:25:34.993018,109.84,109.74,109.73
2016-04-12 12:25:35.180568,109.84,109.74,109.73
2016-04-12 12:25:35.348962,109.84,109.74,109.73
2016-04-12 12:25:35.513528,109.84,109.74,109.73
2016-04-12 12:25:35.668979,109.84,109.74,109.73
2016-04-12 12:25:35.823174,109.84,109.74,109.73
2016-04-12 12:25:35.983624,109.84,109.74,109.73
2016-04-12 12:25:36.145883,109.84,109.74,109.73
2016-04-12 12:25:36.316322,109.83,109.74,109.73
2016-04-12 12:25:36.475330,109.83,109.74,109.73
2016-04-12 12:25:36.640436,109.83,109.74,109.73
2016-04-12 12:25:36.802284,109.83,109.74,109.73
2016-04-12 12:25:36.984702,109.83,109.74,109.73
2016-04-12 12:25:37.175465,109.83,109.74,109.73
2016-04-12 12:25:37.331470,109.83,109.74,109.73
2016-04-12 12:25:37.497174,109.83,109.74,109.73
2016-04-12 12:25:37.657168,109.83,109.74,109.73
2016-04-12 12:25:37.825320,109.83,109.74,109.73
2016-04-12 12:25:37.994374,109.83,109.74,109.73
2016-04-12 12:25:38.157984,109.83,109.74,109.73
2016-04-12 12:25:38.324511,109.83,109.74,109.73
2016-04-12 12:25:38.480480,109.83,109.74,109.73
2016-04-12 12:25:38.636772,109.83,109.74,109.73
2016-04-12 12:25:38.794824,109.83,109.74,109.73
2016-04-12 12:25:38.952373,109.83,109.74,109.74
2016-04-12 12:25:39.142379,109.83,109.74,109.74
2016-04-12 12:25:39.303449,109.83,109.74,109.74
2016-04-12 12:25:39.455678,109.83,109.74,109.74
2016-04-12 12:25:39.612792,109.83,109.74,109.74
2016-04-12 12:25:39.776896,109.83,109.74,109.74
2016-04-12 12:25:39.937167,109.83,109.74,109.74
2016-04-12 12:25:40.109327,109.84,109.74,109.74
2016-04-12 12:25:40.285067,109.84,109.74,109.74
2016-04-12 12:25:40.445608,109.84,109.74,109.74
2016-04-12 12:25:40.656022,109.84,109.74,109.74
2016-04-12 12:25:40.815337,109.84,109.74,109.74
2016-04-12 12:25:41.016583,109.84,109.74,109.74
2016-04-12 12:25:41.242057,109.84,109.74,109.74
2016-04-12 12:25:41.406299,109.84,109.74,109.74
2016-04-12 12:25:41.564911,109.84,109.74,109.74
2016-04-12 12:25:41.720782,109.84,109.74,109.74
2016-04-12 12:25:41.891279,109.84,109.74,109.74
2016-04-12 12:25:42.055982,109.84,109.74,109.74
2016-04-12 12:25:42.217916,109.84,109.74,109.74
2016-04-12 12:25:42.395337,109.84,109.74,109.74
2016-04-12 12:25:42.563632,109.84,109.74,109.74
2016-04-12 12:25:42.720403,109.84,109.74,109.74
2016-04-12 12:25:42.889270,109.83,109.74,109.74
2016-04-12 12:25:43.090045,109.83,109.74,109.74
2016-04-12 12:25:43.258939,109.83,109.74,109.74
2016-04-12 12:25:43.422334,109.83,109.74,109.74
2016-04-12 12:25:43.600898,109.83,109.74,109.74
2016-04-12 12:25:43.781486,109.83,109.74,109.74
2016-04-12 12:25:43.938222,109.83,109.74,109.74
2016-04-12 12:25:44.093945,109.83,109.75,109.74
2016-04-12 12:25:44.264662,109.83,109.75,109.74
2016-04-12 12:25:44.431853,109.83,109.75,109.74
2016-04-12 12:25:44.614389,109.83,109.75,109.74
2016-04-12 12:25:44.775895,109.83,109.75,109.74
2016-04-12 12:25:44.946997,109.83,109.75,109.74
2016-04-12 12:25:45.120127,109.83,109.75,109.74
2016-04-12 12:25:45.286605,109.83,109.75,109.74
2016-04-12 12:25:45.485955,109.83,109.75,109.74
2016-04-12 12:25:45.657155,109.83,109.75,109.74
2016-04-12 12:25:45.819016,109.83,109.75,109.74
2016-04-12 12:25:45.984501,109.83,109.75,109.74
2016-04-12 12:25:46.146789,109.83,109.75,109.74
2016-04-12 12:25:46.309412,109.83,109.75,109.74
2016-04-12 12:25:46.477903,109.83,109.75,109.74
2016-04-12 12:25:46.636084,109.83,109.75,109.74
2016-04-12 12:25:46.804688,109.83,109.75,109.74
2016-04-12 12:25:46.962041,109.83,109.75,109.74
2016-04-12 12:25:47.120065,109.83,109.75,109.74
2016-04-12 12:25:47.283621,109.83,109.75,109.74
2016-04-12 12:25:47.459635,109.83,109.75,109.74
2016-04-12 12:25:47.627124,109.83,109.75,109.74
2016-04-12 12:25:47.787113,109.83,109.75,109.74
2016-04-12 12:25:47.983188,109.83,109.75,109.74
2016-04-12 12:25:48.174989,109.83,109.75,109.74
2016-04-12 12:25:48.342796,109.83,109.75,109.74
2016-04-12 12:25:48.500962,109.83,109.75,109.74
2016-04-12 12:25:48.655020,109.83,109.75,109.74
2016-04-12 12:25:48.844665,109.83,109.75,109.74
2016-04-12 12:25:49.024268,109.83,109.75,109.74
2016-04-12 12:25:49.198313,109.83,109.75,109.74
2016-04-12 12:25:49.357862,109.83,109.75,109.74
2016-04-12 12:25:49.510314,109.83,109.75,109.74
2016-04-12 12:25:49.663846,109.83,109.75,109.74
2016-04-12 12:25:49.830512,109.83,109.75,109.74
2016-04-12 12:25:49.986887,109.83,109.75,109.74
2016-04-12 12:25:50.142071,109.83,109.75,109.74
2016-04-12 12:25:50.300545,109.83,109.75,109.74
2016-04-12 12:25:50.455302,109.83,109.75,109.74
2016-04-12 12:25:50.619388,109.83,109.75,109.74
2016-04-12 12:25:50.790939,109.83,109.75,109.74
2016-04-12 12:25:50.980430,109.83,109.75,109.74
2016-04-12 12:25:51.137994,109.83,109.75,109.74
2016-04-12 12:25:51.300219,109.83,109.75,109.74
2016-04-12 12:25:51.457712,109.83,109.75,109.74
2016-04-12 12:25:51.621575,109.83,109.75,109.74
2016-04-12 12:25:51.789824,109.83,109.75,109.74
2016-04-12 12:25:51.952860,109.83,109.75,109.74
2016-04-12 12:25:52.112598,109.83,109.75,109.74
2016-04-12 12:25:52.269919,109.83,109.75,109.74
2016-04-12 12:25:52.429970,109.83,109.75,109.74
2016-04-12 12:25:52.588013,109.83,109.75,109.74
2016-04-12 12:25:52.761856,109.83,109.75,109.74
2016-04-12 12:25:52.921487,109.83,109.75,109.74
2016-04-12 12:25:53.083172,109.83,109.75,109.74
2016-04-12 12:25:53.243754,109.83,109.75,109.74
2016-04-12 12:25:53.401595,109.83,109.75,109.74
2016-04-12 12:25:53.561779,109.83,109.75,109.74
2016-04-12 12:25:53.726210,109.83,109.75,109.74
2016-04-12 12:25:53.894723,109.83,109.75,109.74
2016-04-12 12:25:54.053821,109.83,109.75,109.74
2016-04-12 12:25:54.210286,109.83,109.75,109.74
2016-04-12 12:25:54.375888,109.83,109.75,109.74
2016-04-12 12:25:54.539745,109.83,109.75,109.74
2016-04-12 12:25:54.702946,109.83,109.75,109.74
2016-04-12 12:25:54.892615,109.83,109.75,109.74
2016-04-12 12:25:55.055703,109.83,109.75,109.74
2016-04-12 12:25:55.216468,109.83,109.75,109.74
2016-04-12 12:25:55.452008,109.83,109.75,109.74
2016-04-12 12:25:55.610924,109.83,109.75,109.74
2016-04-12 12:25:55.775242,109.83,109.75,109.74
2016-04-12 12:25:55.936343,109.83,109.75,109.74
2016-04-12 12:25:56.093482,109.83,109.75,109.74
2016-04-12 12:25:56.677407,109.83,109.75,109.74
2016-04-12 12:25:56.838464,109.83,109.75,109.74
2016-04-12 12:25:57.002144,109.83,109.75,109.74
2016-04-12 12:25:57.164252,109.83,109.75,109.74
2016-04-12 12:25:57.318278,109.83,109.75,109.74
2016-04-12 12:25:57.487405,109.83,109.75,109.74
2016-04-12 12:25:57.643514,109.83,109.75,109.74
2016-04-12 12:25:57.800283,109.83,109.75,109.74
2016-04-12 12:25:57.972159,109.83,109.75,109.74
2016-04-12 12:25:58.136002,109.83,109.75,109.74
2016-04-12 12:25:58.292178,109.83,109.75,109.74
2016-04-12 12:25:58.451596,109.83,109.75,109.74
2016-04-12 12:25:58.959897,109.83,109.75,109.74
2016-04-12 12:25:59.111949,109.83,109.75,109.74
2016-04-12 12:25:59.276467,109.83,109.75,109.74
2016-04-12 12:25:59.431701,109.83,109.75,109.74
2016-04-12 12:25:59.588199,109.83,109.75,109.74
2016-04-12 12:25:59.743279,109.83,109.75,109.74
2016-04-12 12:26:00.297086,109.83,109.75,109.74
2016-04-12 12:26:00.479308,109.83,109.75,109.74
2016-04-12 12:26:00.670599,109.83,109.75,109.74
2016-04-12 12:26:00.827926,109.83,109.75,109.74
2016-04-12 12:26:00.989698,109.83,109.75,109.74
2016-04-12 12:26:01.153865,109.83,109.75,109.74
2016-04-12 12:26:01.625492,109.83,109.75,109.74
2016-04-12 12:26:01.789172,109.83,109.75,109.74
2016-04-12 12:26:01.943521,109.83,109.75,109.74
2016-04-12 12:26:02.097807,109.83,109.75,109.74
2016-04-12 12:26:02.250832,109.8369,109.75,109.74
2016-04-12 12:26:02.753555,109.8369,109.75,109.74
2016-04-12 12:26:03.569319,109.8369,109.75,109.74
2016-04-12 12:26:04.078696,109.8369,109.75,109.74
2016-04-12 12:26:04.693128,109.8369,109.75,109.74
2016-04-12 12:26:05.218288,109.8369,109.75,109.74
2016-04-12 12:26:05.720785,109.8369,109.75,109.74
2016-04-12 12:26:06.232006,109.8369,109.75,109.74
2016-04-12 12:26:07.178996,109.84,109.75,109.74
2016-04-12 12:26:07.768710,109.84,109.75,109.74
2016-04-12 12:26:08.386512,109.84,109.75,109.74
2016-04-12 12:26:08.894315,109.84,109.75,109.74
2016-04-12 12:26:09.408436,109.84,109.75,109.74
2016-04-12 12:26:10.018858,109.84,109.75,109.74
2016-04-12 12:26:10.533235,109.84,109.75,109.74
2016-04-12 12:26:11.100458,109.84,109.75,109.74
2016-04-12 12:26:11.658692,109.84,109.75,109.74
2016-04-12 12:26:12.171901,109.84,109.75,109.74
2016-04-12 12:26:12.330116,109.84,109.75,109.74
2016-04-12 12:26:12.489951,109.84,109.75,109.74
2016-04-12 12:26:12.644506,109.84,109.75,109.74
2016-04-12 12:26:12.807039,109.84,109.75,109.74
2016-04-12 12:26:13.018095,109.84,109.75,109.74
2016-04-12 12:26:13.172939,109.84,109.75,109.74
2016-04-12 12:26:13.329132,109.83,109.75,109.74
2016-04-12 12:26:13.497613,109.825,109.75,109.74
2016-04-12 12:26:13.657479,109.825,109.75,109.74
2016-04-12 12:26:13.821139,109.825,109.75,109.74
2016-04-12 12:26:13.981215,109.825,109.75,109.74
2016-04-12 12:26:14.156068,109.825,109.75,109.74
2016-04-12 12:26:14.333743,109.825,109.75,109.74
2016-04-12 12:26:14.496412,109.825,109.75,109.74
2016-04-12 12:26:14.766024,109.825,109.75,109.74
2016-04-12 12:26:14.937338,109.825,109.75,109.74
2016-04-12 12:26:15.103608,109.825,109.75,109.74
2016-04-12 12:26:15.256235,109.825,109.75,109.74
2016-04-12 12:26:15.548438,109.825,109.75,109.74
2016-04-12 12:26:15.702094,109.825,109.75,109.74
2016-04-12 12:26:15.856728,109.825,109.75,109.74
2016-04-12 12:26:16.011346,109.82,109.75,109.74
2016-04-12 12:26:16.202047,109.82,109.75,109.74
2016-04-12 12:26:16.361385,109.82,109.75,109.74
2016-04-12 12:26:16.518158,109.82,109.75,109.74
2016-04-12 12:26:16.681621,109.82,109.75,109.74
2016-04-12 12:26:16.832583,109.82,109.75,109.74
2016-04-12 12:26:16.989924,109.82,109.75,109.74
2016-04-12 12:26:17.153578,109.82,109.75,109.74
2016-04-12 12:26:17.322335,109.8299,109.75,109.74
2016-04-12 12:26:17.562860,109.8299,109.75,109.74
2016-04-12 12:26:17.724137,109.8299,109.75,109.74
2016-04-12 12:26:17.881158,109.82,109.75,109.74
2016-04-12 12:26:18.035350,109.82,109.75,109.74
2016-04-12 12:26:18.210650,109.82,109.75,109.74
2016-04-12 12:26:18.421539,109.82,109.75,109.74
2016-04-12 12:26:18.572358,109.82,109.75,109.74
2016-04-12 12:26:18.726275,109.82,109.75,109.74
2016-04-12 12:26:19.012990,109.82,109.75,109.74
2016-04-12 12:26:19.184758,109.82,109.75,109.74
2016-04-12 12:26:19.350115,109.82,109.75,109.74
2016-04-12 12:26:19.654194,109.82,109.75,109.74
2016-04-12 12:26:19.826636,109.82,109.75,109.74
2016-04-12 12:26:20.052629,109.82,109.75,109.74
2016-04-12 12:26:20.207230,109.82,109.75,109.74
2016-04-12 12:26:20.359083,109.82,109.75,109.74
2016-04-12 12:26:20.520293,109.82,109.75,109.74
2016-04-12 12:26:20.684983,109.82,109.75,109.74
2016-04-12 12:26:20.843499,109.82,109.75,109.74
2016-04-12 12:26:20.991662,109.84,109.75,109.74
2016-04-12 12:26:21.149271,109.84,109.75,109.74
2016-04-12 12:26:21.307848,109.84,109.75,109.74
2016-04-12 12:26:21.572675,109.84,109.75,109.74
2016-04-12 12:26:21.737170,109.84,109.75,109.74
2016-04-12 12:26:21.894641,109.835,109.75,109.74
2016-04-12 12:26:22.043867,109.835,109.75,109.74
2016-04-12 12:26:22.266492,109.835,109.75,109.74
2016-04-12 12:26:22.424182,109.835,109.75,109.74
2016-04-12 12:26:22.581405,109.835,109.75,109.74
2016-04-12 12:26:22.742409,109.835,109.75,109.74
2016-04-12 12:26:22.892134,109.835,109.75,109.74
2016-04-12 12:26:23.047433,109.835,109.75,109.74
2016-04-12 12:26:23.418152,109.835,109.75,109.74
2016-04-12 12:26:23.571169,109.835,109.75,109.74
2016-04-12 12:26:23.740521,109.835,109.75,109.74
2016-04-12 12:26:23.893998,109.835,109.75,109.74
2016-04-12 12:26:24.052351,109.835,109.75,109.74
2016-04-12 12:26:24.205378,109.835,109.75,109.74
2016-04-12 12:26:24.357514,109.835,109.75,109.74
2016-04-12 12:26:24.514882,109.835,109.75,109.74
2016-04-12 12:26:24.678198,109.835,109.75,109.74
2016-04-12 12:26:24.853025,109.835,109.75,109.74
2016-04-12 12:26:25.002256,109.835,109.75,109.74
2016-04-12 12:26:25.164777,109.835,109.75,109.74
2016-04-12 12:26:25.324308,109.835,109.75,109.74
2016-04-12 12:26:25.508495,109.835,109.75,109.74
2016-04-12 12:26:25.665340,109.835,109.75,109.74
2016-04-12 12:26:25.824080,109.835,109.75,109.74
2016-04-12 12:26:25.992600,109.835,109.75,109.74
2016-04-12 12:26:26.150726,109.85,109.75,109.74
2016-04-12 12:26:26.489358,109.83,109.75,109.74
2016-04-12 12:26:26.649405,109.83,109.75,109.74
2016-04-12 12:26:26.808663,109.83,109.75,109.74
2016-04-12 12:26:26.963734,109.83,109.75,109.74
2016-04-12 12:26:27.122977,109.83,109.75,109.74
2016-04-12 12:26:27.277626,109.83,109.75,109.74
2016-04-12 12:26:27.455250,109.826,109.75,109.74
2016-04-12 12:26:27.628614,109.826,109.75,109.74
2016-04-12 12:26:27.836019,109.826,109.75,109.74
2016-04-12 12:26:27.997120,109.826,109.75,109.74
2016-04-12 12:26:28.159790,109.826,109.75,109.74
2016-04-12 12:26:28.332373,109.826,109.75,109.74
2016-04-12 12:26:28.490443,109.826,109.75,109.74
2016-04-12 12:26:28.660566,109.826,109.75,109.74
2016-04-12 12:26:28.926170,109.82,109.75,109.74
2016-04-12 12:26:29.083656,109.82,109.75,109.74
2016-04-12 12:26:29.247572,109.81,109.75,109.74
2016-04-12 12:26:29.408728,109.81,109.75,109.74
2016-04-12 12:26:29.580445,109.82,109.75,109.74
2016-04-12 12:26:29.747489,109.82,109.75,109.74
2016-04-12 12:26:29.912828,109.82,109.75,109.74
2016-04-12 12:26:30.071644,109.82,109.75,109.74
2016-04-12 12:26:30.229809,109.82,109.75,109.74
2016-04-12 12:26:30.397517,109.82,109.75,109.74
2016-04-12 12:26:30.562541,109.82,109.75,109.74
2016-04-12 12:26:30.725887,109.82,109.75,109.74
2016-04-12 12:26:30.907669,109.82,109.75,109.74
2016-04-12 12:26:31.067829,109.82,109.75,109.74
2016-04-12 12:26:31.223105,109.82,109.75,109.74
2016-04-12 12:26:31.445984,109.82,109.75,109.74
2016-04-12 12:26:31.604893,109.82,109.75,109.74
2016-04-12 12:26:31.765121,109.82,109.75,109.74
2016-04-12 12:26:31.926110,109.82,109.75,109.74
2016-04-12 12:26:32.077646,109.82,109.75,109.74
2016-04-12 12:26:32.234249,109.82,109.75,109.74
2016-04-12 12:26:32.390352,109.82,109.75,109.74
2016-04-12 12:26:32.550441,109.82,109.75,109.74
2016-04-12 12:26:32.718255,109.82,109.75,109.74
2016-04-12 12:26:32.876201,109.82,109.75,109.74
2016-04-12 12:26:33.039836,109.82,109.75,109.74
2016-04-12 12:26:33.194714,109.82,109.75,109.74
2016-04-12 12:26:33.416080,109.805,109.75,109.74
2016-04-12 12:26:33.664246,109.805,109.75,109.74
2016-04-12 12:26:33.816782,109.805,109.75,109.74
2016-04-12 12:26:33.977815,109.805,109.75,109.74
2016-04-12 12:26:34.136985,109.805,109.75,109.74
2016-04-12 12:26:34.291368,109.805,109.75,109.74
2016-04-12 12:26:34.454944,109.805,109.75,109.74
2016-04-12 12:26:34.611926,109.805,109.75,109.74
2016-04-12 12:26:34.768758,109.805,109.75,109.74
2016-04-12 12:26:34.920629,109.805,109.75,109.74
2016-04-12 12:26:35.084380,109.805,109.75,109.74
2016-04-12 12:26:35.259229,109.805,109.75,109.74
2016-04-12 12:26:35.516361,109.805,109.75,109.74
2016-04-12 12:26:35.689651,109.805,109.75,109.74
2016-04-12 12:26:35.844020,109.805,109.75,109.74
2016-04-12 12:26:35.999159,109.805,109.75,109.74
2016-04-12 12:26:36.159155,109.8,109.75,109.74
2016-04-12 12:26:36.318912,109.8,109.75,109.74
2016-04-12 12:26:36.490685,109.8,109.75,109.74
2016-04-12 12:26:36.663917,109.8,109.75,109.74
2016-04-12 12:26:36.829865,109.8,109.75,109.74
2016-04-12 12:26:36.987142,109.8,109.75,109.74
2016-04-12 12:26:37.190640,109.8,109.75,109.74
2016-04-12 12:26:37.344978,109.8,109.75,109.74
2016-04-12 12:26:37.505675,109.8,109.75,109.74
2016-04-12 12:26:37.662944,109.8,109.75,109.74
2016-04-12 12:26:37.817419,109.8,109.75,109.74
2016-04-12 12:26:37.976523,109.8,109.75,109.74
2016-04-12 12:26:38.136340,109.8,109.75,109.74
2016-04-12 12:26:38.294254,109.8,109.75,109.74
2016-04-12 12:26:38.656200,109.8,109.77,109.77
2016-04-12 12:26:38.807867,109.8,109.77,109.77
2016-04-12 12:26:38.979888,109.8,109.77,109.77
2016-04-12 12:26:39.139999,109.79,109.77,109.77
2016-04-12 12:26:39.300186,109.79,109.77,109.77
2016-04-12 12:26:39.450204,109.79,109.77,109.77
2016-04-12 12:26:39.608136,109.8027,109.77,109.77
2016-04-12 12:26:39.767233,109.8027,109.77,109.77
2016-04-12 12:26:39.931661,109.8027,109.77,109.77
2016-04-12 12:26:40.084500,109.8027,109.77,109.77
2016-04-12 12:26:40.239786,109.8027,109.77,109.77
2016-04-12 12:26:40.394205,109.8027,109.77,109.77
2016-04-12 12:26:40.571051,109.8027,109.77,109.77
2016-04-12 12:26:40.724973,109.8027,109.77,109.77
2016-04-12 12:26:41.013943,109.8027,109.77,109.77
2016-04-12 12:26:41.166955,109.8027,109.77,109.77
2016-04-12 12:26:41.321888,109.81,109.77,109.77
2016-04-12 12:26:41.473598,109.81,109.77,109.77
2016-04-12 12:26:41.638274,109.81,109.77,109.77
2016-04-12 12:26:41.796746,109.81,109.77,109.77
2016-04-12 12:26:41.955344,109.81,109.77,109.77
2016-04-12 12:26:42.115530,109.81,109.77,109.77
2016-04-12 12:26:42.277260,109.81,109.77,109.77
2016-04-12 12:26:42.432093,109.8069,109.77,109.77
2016-04-12 12:26:42.590502,109.8069,109.77,109.77
2016-04-12 12:26:42.738847,109.8069,109.77,109.77
2016-04-12 12:26:42.888671,109.8069,109.77,109.77
2016-04-12 12:26:43.042259,109.8069,109.77,109.77
2016-04-12 12:26:43.192485,109.801,109.77,109.77
2016-04-12 12:26:43.357455,109.801,109.77,109.77
2016-04-12 12:26:43.511832,109.801,109.77,109.77
2016-04-12 12:26:43.663884,109.801,109.77,109.77
2016-04-12 12:26:43.828400,109.8065,109.77,109.77
2016-04-12 12:26:43.986649,109.8065,109.78,109.77
2016-04-12 12:26:44.144068,109.8065,109.78,109.77
2016-04-12 12:26:44.294171,109.8065,109.78,109.77
2016-04-12 12:26:44.459879,109.8065,109.78,109.77
2016-04-12 12:26:44.614378,109.8065,109.78,109.77
2016-04-12 12:26:44.837708,109.8065,109.78,109.77
2016-04-12 12:26:44.993652,109.8065,109.78,109.77
2016-04-12 12:26:45.153393,109.8065,109.78,109.77
2016-04-12 12:26:45.324791,109.8065,109.78,109.77
2016-04-12 12:26:45.489455,109.8065,109.78,109.77
2016-04-12 12:26:45.749188,109.8065,109.78,109.77
2016-04-12 12:26:45.904196,109.8031,109.78,109.77
2016-04-12 12:26:46.060162,109.8031,109.78,109.77
2016-04-12 12:26:46.213666,109.8031,109.78,109.77
2016-04-12 12:26:46.366330,109.8031,109.78,109.77
2016-04-12 12:26:46.520038,109.8031,109.78,109.77
2016-04-12 12:26:46.681548,109.8031,109.78,109.77
2016-04-12 12:26:46.834036,109.8031,109.78,109.77
2016-04-12 12:26:46.992842,109.8031,109.78,109.77
2016-04-12 12:26:47.149970,109.8031,109.78,109.77
2016-04-12 12:26:47.340756,109.8031,109.78,109.77
2016-04-12 12:26:47.498105,109.82,109.78,109.77
2016-04-12 12:26:47.694388,109.81,109.78,109.77
2016-04-12 12:26:47.852533,109.81,109.78,109.77
2016-04-12 12:26:48.054212,109.81,109.78,109.77
2016-04-12 12:26:48.210939,109.81,109.78,109.77
2016-04-12 12:26:48.372292,109.81,109.78,109.77
2016-04-12 12:26:48.530926,109.82,109.78,109.77
2016-04-12 12:26:48.691436,109.82,109.78,109.77
2016-04-12 12:26:48.848374,109.82,109.78,109.77
2016-04-12 12:26:49.005980,109.82,109.78,109.77
2016-04-12 12:26:49.167067,109.82,109.78,109.77
2016-04-12 12:26:49.333059,109.82,109.78,109.77
2016-04-12 12:26:49.494791,109.82,109.78,109.77
2016-04-12 12:26:49.650968,109.82,109.78,109.77
2016-04-12 12:26:49.810805,109.82,109.78,109.77
2016-04-12 12:26:49.977164,109.82,109.78,109.77
2016-04-12 12:26:50.137301,109.83,109.78,109.77
2016-04-12 12:26:50.299715,109.83,109.78,109.77
2016-04-12 12:26:50.454812,109.83,109.78,109.77
2016-04-12 12:26:50.609819,109.83,109.78,109.77
2016-04-12 12:26:50.769257,109.84,109.78,109.77
2016-04-12 12:26:51.094258,109.84,109.78,109.77
2016-04-12 12:26:51.297795,109.84,109.78,109.77
2016-04-12 12:26:51.463390,109.84,109.78,109.77
2016-04-12 12:26:51.620481,109.84,109.78,109.77
2016-04-12 12:26:51.805015,109.84,109.78,109.77
2016-04-12 12:26:51.969105,109.83,109.78,109.77
2016-04-12 12:26:52.134744,109.83,109.78,109.77
2016-04-12 12:26:52.299729,109.83,109.78,109.77
2016-04-12 12:26:52.458474,109.83,109.78,109.77
2016-04-12 12:26:52.624574,109.83,109.78,109.77
2016-04-12 12:26:52.774916,109.83,109.78,109.77
2016-04-12 12:26:52.948493,109.83,109.78,109.77
2016-04-12 12:26:53.107349,109.83,109.78,109.77
2016-04-12 12:26:53.267971,109.83,109.78,109.77
2016-04-12 12:26:53.436515,109.83,109.78,109.77
2016-04-12 12:26:53.600758,109.83,109.78,109.77
2016-04-12 12:26:53.767185,109.83,109.78,109.77
2016-04-12 12:26:53.935819,109.83,109.78,109.77
2016-04-12 12:26:54.089958,109.83,109.78,109.77
2016-04-12 12:26:54.237099,109.83,109.78,109.77
2016-04-12 12:26:54.402486,109.83,109.78,109.77
2016-04-12 12:26:54.564513,109.83,109.78,109.77
2016-04-12 12:26:54.732217,109.83,109.78,109.77
2016-04-12 12:26:54.899280,109.83,109.78,109.77
2016-04-12 12:26:55.060859,109.8327,109.78,109.77
2016-04-12 12:26:55.218565,109.8327,109.78,109.77
2016-04-12 12:26:55.374363,109.8327,109.78,109.77
2016-04-12 12:26:55.526932,109.8327,109.78,109.77
2016-04-12 12:26:55.762413,109.8327,109.78,109.77
2016-04-12 12:26:55.918218,109.8327,109.78,109.77
2016-04-12 12:26:56.070782,109.8327,109.78,109.77
2016-04-12 12:26:56.236420,109.8327,109.78,109.77
2016-04-12 12:26:56.407927,109.8327,109.78,109.77
2016-04-12 12:26:56.559230,109.8395,109.78,109.77
2016-04-12 12:26:56.726556,109.8395,109.78,109.77
2016-04-12 12:26:56.882164,109.8395,109.78,109.77
2016-04-12 12:26:57.037583,109.8395,109.78,109.77
2016-04-12 12:26:57.596013,109.8395,109.78,109.77
2016-04-12 12:26:57.775204,109.8395,109.78,109.77
2016-04-12 12:26:57.931309,109.8395,109.78,109.77
2016-04-12 12:26:58.080906,109.8395,109.78,109.77
2016-04-12 12:26:58.270674,109.8395,109.78,109.77
2016-04-12 12:26:58.423610,109.8395,109.78,109.77
2016-04-12 12:26:58.574046,109.8395,109.78,109.77
2016-04-12 12:26:59.173175,109.8395,109.78,109.77
2016-04-12 12:26:59.329033,109.8395,109.78,109.77
2016-04-12 12:26:59.501291,109.8395,109.78,109.77
2016-04-12 12:26:59.654326,109.8395,109.78,109.77
2016-04-12 12:26:59.812604,109.8395,109.78,109.77
2016-04-12 12:27:00.398939,109.8395,109.78,109.77
2016-04-12 12:27:00.551379,109.8395,109.78,109.77
2016-04-12 12:27:00.722209,109.8395,109.78,109.77
2016-04-12 12:27:00.879283,109.8395,109.78,109.77
2016-04-12 12:27:01.034283,109.8395,109.78,109.77
2016-04-12 12:27:01.210101,109.8395,109.78,109.77
2016-04-12 12:27:01.839603,109.8395,109.78,109.77
2016-04-12 12:27:02.008164,109.8395,109.78,109.77
2016-04-12 12:27:02.177757,109.8395,109.78,109.77
2016-04-12 12:27:02.326789,109.8395,109.78,109.77
2016-04-12 12:27:02.858738,109.84,109.78,109.77
2016-04-12 12:27:03.372120,109.85,109.78,109.77
2016-04-12 12:27:03.524725,109.85,109.78,109.77
2016-04-12 12:27:03.691756,109.85,109.78,109.77
2016-04-12 12:27:04.193471,109.85,109.78,109.77
2016-04-12 12:27:04.909580,109.85,109.78,109.77
2016-04-12 12:27:05.534707,109.85,109.78,109.77
2016-04-12 12:27:06.148927,109.85,109.78,109.77
2016-04-12 12:27:06.970141,109.85,109.78,109.77
2016-04-12 12:27:07.573186,109.85,109.78,109.77
2016-04-12 12:27:08.498537,109.8455,109.78,109.77
2016-04-12 12:27:09.121599,109.8455,109.78,109.77
2016-04-12 12:27:09.838075,109.8455,109.78,109.77
2016-04-12 12:27:10.454004,109.8455,109.78,109.77
2016-04-12 12:27:11.068574,109.84,109.78,109.77
2016-04-12 12:27:11.682842,109.84,109.78,109.77
2016-04-12 12:27:12.284037,109.84,109.78,109.77
2016-04-12 12:27:12.798750,109.85,109.78,109.77
2016-04-12 12:27:13.415125,109.85,109.78,109.77
2016-04-12 12:27:13.644233,109.85,109.78,109.77
2016-04-12 12:27:13.870530,109.85,109.78,109.77
2016-04-12 12:27:14.079794,109.85,109.78,109.77
2016-04-12 12:27:14.297554,109.85,109.78,109.77
2016-04-12 12:27:14.484392,109.85,109.78,109.77
2016-04-12 12:27:14.653720,109.85,109.78,109.77
2016-04-12 12:27:14.837018,109.85,109.78,109.77
2016-04-12 12:27:15.010211,109.85,109.78,109.77
2016-04-12 12:27:15.205022,109.85,109.78,109.77
2016-04-12 12:27:15.393641,109.85,109.78,109.77
2016-04-12 12:27:15.570838,109.85,109.78,109.77
2016-04-12 12:27:15.742923,109.85,109.78,109.77
2016-04-12 12:27:15.917443,109.85,109.78,109.77
2016-04-12 12:27:16.131884,109.85,109.78,109.77
2016-04-12 12:27:16.307306,109.85,109.78,109.77
2016-04-12 12:27:16.487884,109.85,109.78,109.77
2016-04-12 12:27:16.682988,109.85,109.78,109.77
2016-04-12 12:27:16.858961,109.85,109.78,109.77
2016-04-12 12:27:17.029729,109.85,109.78,109.77
2016-04-12 12:27:17.208387,109.85,109.78,109.77
2016-04-12 12:27:17.388294,109.85,109.78,109.77
2016-04-12 12:27:17.566564,109.85,109.78,109.77
2016-04-12 12:27:17.755291,109.85,109.78,109.77
2016-04-12 12:27:17.945423,109.85,109.78,109.77
2016-04-12 12:27:18.113904,109.85,109.78,109.77
2016-04-12 12:27:18.323303,109.85,109.78,109.77
2016-04-12 12:27:18.508789,109.85,109.78,109.77
2016-04-12 12:27:18.687842,109.85,109.78,109.77
2016-04-12 12:27:18.874219,109.85,109.78,109.77
2016-04-12 12:27:19.053070,109.85,109.78,109.77
2016-04-12 12:27:19.235466,109.85,109.78,109.77
2016-04-12 12:27:19.417253,109.85,109.78,109.77
2016-04-12 12:27:19.607071,109.85,109.78,109.77
2016-04-12 12:27:19.790923,109.85,109.78,109.77
2016-04-12 12:27:19.971585,109.85,109.78,109.77
2016-04-12 12:27:20.151072,109.85,109.78,109.77
2016-04-12 12:27:20.347183,109.85,109.78,109.77
2016-04-12 12:27:20.528756,109.83,109.78,109.77
2016-04-12 12:27:20.705801,109.83,109.78,109.77
2016-04-12 12:27:20.892183,109.83,109.78,109.77
2016-04-12 12:27:21.083957,109.84,109.78,109.77
2016-04-12 12:27:21.280604,109.84,109.78,109.77
2016-04-12 12:27:21.460619,109.84,109.78,109.77
2016-04-12 12:27:21.656950,109.84,109.78,109.77
2016-04-12 12:27:21.841445,109.84,109.78,109.77
2016-04-12 12:27:22.020202,109.84,109.78,109.77
2016-04-12 12:27:22.209252,109.84,109.78,109.77
2016-04-12 12:27:22.424103,109.84,109.78,109.77
2016-04-12 12:27:22.613760,109.84,109.78,109.77
2016-04-12 12:27:22.789296,109.84,109.78,109.77
2016-04-12 12:27:22.971550,109.84,109.78,109.77
2016-04-12 12:27:23.162020,109.84,109.78,109.77
2016-04-12 12:27:23.337443,109.84,109.78,109.77
2016-04-12 12:27:23.532428,109.84,109.78,109.77
2016-04-12 12:27:23.713228,109.84,109.78,109.77
2016-04-12 12:27:23.893522,109.84,109.78,109.77
2016-04-12 12:27:24.092897,109.84,109.78,109.77
2016-04-12 12:27:24.299974,109.84,109.78,109.77
2016-04-12 12:27:24.492850,109.84,109.78,109.77
2016-04-12 12:27:24.673782,109.84,109.78,109.77
2016-04-12 12:27:24.873993,109.84,109.78,109.77
2016-04-12 12:27:25.083854,109.84,109.78,109.77
2016-04-12 12:27:25.281783,109.84,109.78,109.77
2016-04-12 12:27:25.474697,109.84,109.78,109.77
2016-04-12 12:27:25.665984,109.84,109.78,109.77
2016-04-12 12:27:25.865673,109.84,109.78,109.77
2016-04-12 12:27:26.064254,109.84,109.78,109.77
2016-04-12 12:27:26.253594,109.84,109.78,109.77
2016-04-12 12:27:26.452388,109.84,109.78,109.77
2016-04-12 12:27:26.642130,109.84,109.78,109.77
2016-04-12 12:27:26.873660,109.84,109.78,109.77
2016-04-12 12:27:27.081881,109.84,109.78,109.77
2016-04-12 12:27:27.271790,109.84,109.78,109.77
2016-04-12 12:27:27.486640,109.84,109.78,109.77
2016-04-12 12:27:27.683050,109.84,109.78,109.77
2016-04-12 12:27:27.894636,109.84,109.78,109.77
2016-04-12 12:27:28.105505,109.84,109.78,109.77
2016-04-12 12:27:28.298918,109.84,109.78,109.77
2016-04-12 12:27:28.489078,109.84,109.78,109.77
2016-04-12 12:27:28.698818,109.84,109.78,109.77
2016-04-12 12:27:28.932927,109.84,109.78,109.77
2016-04-12 12:27:29.148286,109.845,109.78,109.77
2016-04-12 12:27:29.391532,109.845,109.78,109.77
2016-04-12 12:27:29.594306,109.845,109.78,109.77
2016-04-12 12:27:29.811778,109.845,109.78,109.77
2016-04-12 12:27:30.013890,109.845,109.78,109.77
2016-04-12 12:27:30.222025,109.845,109.78,109.77
2016-04-12 12:27:30.418675,109.85,109.78,109.77
2016-04-12 12:27:30.609015,109.85,109.78,109.77
2016-04-12 12:27:30.806387,109.85,109.78,109.77
2016-04-12 12:27:30.999633,109.85,109.78,109.77
2016-04-12 12:27:31.203141,109.86,109.78,109.77
2016-04-12 12:27:31.388858,109.86,109.78,109.77
2016-04-12 12:27:31.590192,109.86,109.78,109.77
2016-04-12 12:27:31.780178,109.86,109.78,109.77
2016-04-12 12:27:31.976423,109.86,109.78,109.77
2016-04-12 12:27:32.160551,109.86,109.78,109.77
2016-04-12 12:27:32.350005,109.86,109.78,109.77
2016-04-12 12:27:32.549707,109.86,109.78,109.77
2016-04-12 12:27:32.742840,109.86,109.78,109.77
2016-04-12 12:27:32.931654,109.86,109.78,109.77
2016-04-12 12:27:33.119007,109.86,109.78,109.77
2016-04-12 12:27:33.303899,109.86,109.78,109.77
2016-04-12 12:27:33.504493,109.86,109.78,109.77
2016-04-12 12:27:33.681249,109.86,109.78,109.77
2016-04-12 12:27:33.846885,109.86,109.78,109.77
2016-04-12 12:27:34.006335,109.86,109.78,109.77
2016-04-12 12:27:34.189071,109.86,109.78,109.77
2016-04-12 12:27:34.390421,109.86,109.78,109.77
2016-04-12 12:27:34.568871,109.86,109.78,109.77
2016-04-12 12:27:34.770437,109.855,109.78,109.77
2016-04-12 12:27:34.954310,109.855,109.78,109.77
2016-04-12 12:27:35.160650,109.855,109.78,109.77
2016-04-12 12:27:35.361442,109.855,109.78,109.77
2016-04-12 12:27:35.555797,109.855,109.78,109.77
2016-04-12 12:27:35.752395,109.855,109.78,109.77
2016-04-12 12:27:35.941442,109.855,109.78,109.77
2016-04-12 12:27:36.138359,109.86,109.78,109.77
2016-04-12 12:27:36.342234,109.86,109.78,109.77
2016-04-12 12:27:36.537094,109.86,109.78,109.77
2016-04-12 12:27:36.715922,109.86,109.78,109.77
2016-04-12 12:27:36.909714,109.8537,109.78,109.77
2016-04-12 12:27:37.119787,109.8537,109.78,109.77
2016-04-12 12:27:37.295393,109.8537,109.78,109.77
2016-04-12 12:27:37.479921,109.8537,109.78,109.77
2016-04-12 12:27:37.661330,109.85,109.78,109.77
2016-04-12 12:27:37.849384,109.85,109.78,109.77
2016-04-12 12:27:38.024041,109.85,109.78,109.77
2016-04-12 12:27:38.226844,109.85,109.78,109.77
2016-04-12 12:27:38.410405,109.85,109.78,109.77
2016-04-12 12:27:38.625241,109.85,109.78,109.77
2016-04-12 12:27:38.812287,109.85,109.78,109.77
2016-04-12 12:27:39.050975,109.85,109.78,109.77
2016-04-12 12:27:39.226237,109.85,109.78,109.77
2016-04-12 12:27:39.399395,109.85,109.78,109.77
2016-04-12 12:27:39.602151,109.85,109.78,109.77
2016-04-12 12:27:39.780934,109.85,109.78,109.77
2016-04-12 12:27:39.964400,109.85,109.78,109.77
2016-04-12 12:27:40.151527,109.85,109.78,109.77
2016-04-12 12:27:40.348892,109.85,109.78,109.77
2016-04-12 12:27:40.529279,109.85,109.78,109.77
2016-04-12 12:27:40.742622,109.85,109.78,109.77
2016-04-12 12:27:40.936252,109.84,109.78,109.77
2016-04-12 12:27:41.142610,109.84,109.78,109.77
2016-04-12 12:27:41.348330,109.84,109.78,109.77
2016-04-12 12:27:41.543697,109.84,109.78,109.77
2016-04-12 12:27:41.740742,109.84,109.78,109.77
2016-04-12 12:27:41.946316,109.84,109.78,109.77
2016-04-12 12:27:42.146479,109.84,109.78,109.77
2016-04-12 12:27:42.347138,109.84,109.78,109.77
2016-04-12 12:27:42.594866,109.84,109.78,109.77
2016-04-12 12:27:42.780827,109.84,109.78,109.77
2016-04-12 12:27:42.964051,109.84,109.78,109.77
2016-04-12 12:27:43.145046,109.84,109.78,109.77
2016-04-12 12:27:43.333182,109.84,109.78,109.77
2016-04-12 12:27:43.508901,109.84,109.78,109.77
2016-04-12 12:27:43.812986,109.84,109.78,109.77
2016-04-12 12:27:44.005791,109.84,109.78,109.77
2016-04-12 12:27:44.197534,109.84,109.74,109.73
2016-04-12 12:27:44.406125,109.86,109.74,109.73
2016-04-12 12:27:44.587017,109.86,109.74,109.73
2016-04-12 12:27:44.768571,109.86,109.74,109.73
2016-04-12 12:27:44.991882,109.86,109.74,109.73
2016-04-12 12:27:45.174655,109.86,109.74,109.73
2016-04-12 12:27:45.384534,109.86,109.77,109.76
2016-04-12 12:27:45.581937,109.86,109.77,109.76
2016-04-12 12:27:45.786083,109.86,109.77,109.76
2016-04-12 12:27:45.968153,109.86,109.77,109.76
2016-04-12 12:27:46.144037,109.86,109.77,109.76
2016-04-12 12:27:46.345314,109.85,109.77,109.76
2016-04-12 12:27:47.526798,109.85,109.77,109.76
2016-04-12 12:27:47.715122,109.84,109.77,109.76
2016-04-12 12:27:47.904994,109.84,109.77,109.76
2016-04-12 12:27:48.139838,109.84,109.77,109.76
2016-04-12 12:27:48.316843,109.84,109.77,109.76
2016-04-12 12:27:48.497734,109.84,109.77,109.76
2016-04-12 12:27:48.693854,109.84,109.77,109.76
2016-04-12 12:27:48.892681,109.84,109.77,109.76
2016-04-12 12:27:49.077878,109.84,109.77,109.76
2016-04-12 12:27:49.260674,109.84,109.77,109.76
2016-04-12 12:27:49.458990,109.84,109.77,109.76
2016-04-12 12:27:49.664650,109.84,109.77,109.76
2016-04-12 12:27:49.912604,109.84,109.77,109.76
2016-04-12 12:27:50.122823,109.84,109.77,109.76
2016-04-12 12:27:50.308558,109.84,109.77,109.76
2016-04-12 12:27:50.549095,109.84,109.77,109.76
2016-04-12 12:27:51.859066,109.84,109.77,109.76
2016-04-12 12:27:52.035546,109.84,109.77,109.76
2016-04-12 12:27:52.237028,109.84,109.77,109.76
2016-04-12 12:27:52.439612,109.84,109.77,109.76
2016-04-12 12:27:52.645144,109.84,109.77,109.76
2016-04-12 12:27:52.859148,109.84,109.77,109.76
2016-04-12 12:27:53.056877,109.84,109.77,109.76
2016-04-12 12:27:53.249697,109.84,109.77,109.76
2016-04-12 12:27:53.449657,109.84,109.77,109.76
2016-04-12 12:27:53.656661,109.84,109.77,109.76
2016-04-12 12:27:53.889224,109.84,109.77,109.76
2016-04-12 12:27:54.118486,109.84,109.77,109.76
2016-04-12 12:27:54.351371,109.84,109.77,109.76
2016-04-12 12:27:54.575672,109.84,109.77,109.76
2016-04-12 12:27:54.796901,109.84,109.77,109.76
2016-04-12 12:27:54.995013,109.84,109.77,109.76
2016-04-12 12:27:55.213363,109.82,109.77,109.76
2016-04-12 12:27:55.455560,109.82,109.77,109.76
2016-04-12 12:27:55.717240,109.82,109.77,109.76
2016-04-12 12:27:56.029156,109.82,109.77,109.76
2016-04-12 12:27:56.210374,109.82,109.77,109.76
2016-04-12 12:27:56.390408,109.82,109.77,109.76
2016-04-12 12:27:56.571993,109.82,109.77,109.76
2016-04-12 12:27:56.757862,109.82,109.77,109.76
2016-04-12 12:27:56.962537,109.82,109.77,109.76
2016-04-12 12:27:57.152257,109.82,109.77,109.76
2016-04-12 12:27:57.332890,109.82,109.77,109.76
2016-04-12 12:27:57.540022,109.82,109.77,109.76
2016-04-12 12:27:57.718366,109.82,109.77,109.76
2016-04-12 12:27:57.906240,109.82,109.77,109.76
2016-04-12 12:27:58.092214,109.82,109.77,109.76
2016-04-12 12:27:58.273789,109.82,109.77,109.76
2016-04-12 12:27:58.460837,109.79,109.77,109.76
2016-04-12 12:27:58.658674,109.79,109.77,109.76
2016-04-12 12:27:58.844414,109.79,109.77,109.76
2016-04-12 12:27:59.056759,109.79,109.77,109.76
2016-04-12 12:27:59.261775,109.79,109.77,109.76
2016-04-12 12:27:59.452589,109.79,109.77,109.76
2016-04-12 12:27:59.671965,109.79,109.77,109.76
2016-04-12 12:27:59.840155,109.79,109.77,109.76
2016-04-12 12:28:00.412414,109.79,109.77,109.76
2016-04-12 12:28:00.601942,109.79,109.77,109.76
2016-04-12 12:28:00.815206,109.79,109.77,109.76
2016-04-12 12:28:01.024536,109.79,109.77,109.76
2016-04-12 12:28:01.219347,109.79,109.77,109.76
2016-04-12 12:28:01.411911,109.79,109.77,109.76
2016-04-12 12:28:01.613080,109.79,109.77,109.76
2016-04-12 12:28:01.844348,109.79,109.77,109.76
2016-04-12 12:28:02.037016,109.79,109.77,109.76
2016-04-12 12:28:02.231172,109.79,109.77,109.76
2016-04-12 12:28:02.417257,109.79,109.77,109.76
2016-04-12 12:28:02.641660,109.79,109.77,109.76
2016-04-12 12:28:02.854003,109.78,109.77,109.76
2016-04-12 12:28:03.047574,109.78,109.77,109.76
2016-04-12 12:28:03.253316,109.78,109.77,109.76
2016-04-12 12:28:03.433416,109.78,109.77,109.76
2016-04-12 12:28:03.626975,109.7836,109.77,109.76
2016-04-12 12:28:03.848429,109.7836,109.77,109.76
2016-04-12 12:28:04.035646,109.78,109.77,109.76
2016-04-12 12:28:04.249293,109.78,109.77,109.76
2016-04-12 12:28:04.754601,109.78,109.77,109.76
2016-04-12 12:28:04.967835,109.78,109.77,109.76
2016-04-12 12:28:05.821429,109.79,109.77,109.76
2016-04-12 12:28:06.005586,109.79,109.77,109.76
2016-04-12 12:28:06.231538,109.79,109.77,109.76
2016-04-12 12:28:06.428298,109.79,109.77,109.76
2016-04-12 12:28:06.615540,109.79,109.77,109.76
2016-04-12 12:28:06.805170,109.79,109.77,109.76
2016-04-12 12:28:07.010319,109.79,109.77,109.76
2016-04-12 12:28:07.597103,109.79,109.77,109.76
2016-04-12 12:28:07.904243,109.79,109.77,109.76
2016-04-12 12:28:08.137768,109.79,109.77,109.76
2016-04-12 12:28:08.354862,109.79,109.77,109.76
2016-04-12 12:28:08.600789,109.79,109.77,109.76
2016-04-12 12:28:09.218637,109.79,109.77,109.76
2016-04-12 12:28:09.919260,109.79,109.77,109.76
2016-04-12 12:28:10.709174,109.79,109.77,109.76
2016-04-12 12:28:10.907994,109.79,109.77,109.76
2016-04-12 12:28:11.433794,109.79,109.77,109.76
2016-04-12 12:28:11.638134,109.79,109.77,109.76
2016-04-12 12:28:11.837668,109.79,109.77,109.76
2016-04-12 12:28:12.399359,109.79,109.77,109.76
2016-04-12 12:28:13.011612,109.82,109.77,109.76
2016-04-12 12:28:13.553640,109.82,109.77,109.76
2016-04-12 12:28:13.744358,109.82,109.77,109.76
2016-04-12 12:28:13.928585,109.82,109.77,109.76
2016-04-12 12:28:14.137878,109.82,109.77,109.76
2016-04-12 12:28:14.327229,109.82,109.77,109.76
2016-04-12 12:28:14.562607,109.82,109.77,109.76
2016-04-12 12:28:14.757435,109.82,109.77,109.76
2016-04-12 12:28:14.977414,109.82,109.77,109.76
2016-04-12 12:28:15.206790,109.82,109.77,109.76
2016-04-12 12:28:15.831006,109.81,109.77,109.76
2016-04-12 12:28:16.036798,109.81,109.77,109.76
2016-04-12 12:28:16.248730,109.8099,109.77,109.76
2016-04-12 12:28:16.433890,109.8099,109.77,109.76
2016-04-12 12:28:16.628534,109.8099,109.77,109.76
2016-04-12 12:28:16.819275,109.8099,109.77,109.76
2016-04-12 12:28:17.012684,109.8099,109.77,109.76
2016-04-12 12:28:17.213428,109.8099,109.77,109.76
2016-04-12 12:28:17.544842,109.8099,109.77,109.76
2016-04-12 12:28:17.742150,109.8099,109.77,109.76
2016-04-12 12:28:17.942297,109.8099,109.77,109.76
2016-04-12 12:28:18.133191,109.8099,109.77,109.76
2016-04-12 12:28:18.317560,109.8099,109.77,109.76
2016-04-12 12:28:18.519136,109.8099,109.77,109.76
2016-04-12 12:28:18.718743,109.8099,109.77,109.76
2016-04-12 12:28:18.953984,109.8099,109.77,109.76
2016-04-12 12:28:19.157116,109.8099,109.77,109.76
2016-04-12 12:28:19.468202,109.8099,109.77,109.76
2016-04-12 12:28:19.680782,109.8099,109.77,109.76
2016-04-12 12:28:19.871034,109.8099,109.77,109.76
2016-04-12 12:28:20.066637,109.8099,109.77,109.76
2016-04-12 12:28:20.257645,109.8099,109.77,109.76
2016-04-12 12:28:20.481706,109.8099,109.77,109.76
2016-04-12 12:28:20.650632,109.8099,109.77,109.76
2016-04-12 12:28:20.855174,109.8099,109.77,109.76
2016-04-12 12:28:21.120241,109.8099,109.77,109.76
2016-04-12 12:28:21.309142,109.8099,109.77,109.76
2016-04-12 12:28:21.488160,109.8099,109.77,109.76
2016-04-12 12:28:21.677573,109.8099,109.77,109.76
2016-04-12 12:28:21.905252,109.8099,109.77,109.76
2016-04-12 12:28:22.104494,109.8099,109.77,109.76
2016-04-12 12:28:22.310111,109.8099,109.77,109.76
2016-04-12 12:28:22.533292,109.8099,109.77,109.76
2016-04-12 12:28:22.723829,109.8099,109.77,109.76
2016-04-12 12:28:22.973671,109.8099,109.77,109.76
2016-04-12 12:28:23.220312,109.8099,109.77,109.76
2016-04-12 12:28:23.445746,109.8099,109.77,109.76
2016-04-12 12:28:23.637613,109.8099,109.77,109.76
2016-04-12 12:28:23.839918,109.8099,109.77,109.76
2016-04-12 12:28:24.040810,109.8099,109.77,109.76
2016-04-12 12:28:24.238518,109.8099,109.77,109.76
2016-04-12 12:28:24.451209,109.8099,109.77,109.76
2016-04-12 12:28:24.654483,109.8099,109.77,109.76
2016-04-12 12:28:24.914482,109.8099,109.77,109.76
2016-04-12 12:28:25.125619,109.8099,109.77,109.76
2016-04-12 12:28:25.315274,109.8099,109.77,109.76
2016-04-12 12:28:25.506348,109.8099,109.77,109.76
2016-04-12 12:28:25.736968,109.8099,109.77,109.76
2016-04-12 12:28:25.987387,109.8099,109.77,109.76
2016-04-12 12:28:26.195096,109.8099,109.77,109.76
2016-04-12 12:28:26.405930,109.8099,109.77,109.76
2016-04-12 12:28:26.675601,109.8099,109.77,109.76
2016-04-12 12:28:26.889484,109.8,109.77,109.76
2016-04-12 12:28:28.143917,109.8,109.77,109.76
2016-04-12 12:28:28.334660,109.8,109.77,109.76
2016-04-12 12:28:28.556188,109.8,109.77,109.76
2016-04-12 12:28:28.762888,109.8,109.77,109.76
2016-04-12 12:28:28.967427,109.8,109.77,109.76
2016-04-12 12:28:29.143890,109.8,109.77,109.76
2016-04-12 12:28:29.367260,109.8038,109.77,109.76
2016-04-12 12:28:29.627424,109.8038,109.77,109.76
2016-04-12 12:28:29.870093,109.8038,109.77,109.76
2016-04-12 12:28:30.102628,109.8038,109.77,109.76
2016-04-12 12:28:30.893008,109.8038,109.77,109.76
2016-04-12 12:28:31.561160,109.8038,109.77,109.76
2016-04-12 12:28:32.396304,109.8038,109.77,109.76
2016-04-12 12:28:33.438119,109.81,109.77,109.76
2016-04-12 12:28:36.194450,109.815,109.77,109.76
2016-04-12 12:28:37.066270,109.815,109.77,109.76
2016-04-12 12:28:38.258635,109.815,109.77,109.76
2016-04-12 12:28:39.118269,109.815,109.77,109.76
2016-04-12 12:28:39.988559,109.815,109.77,109.76
2016-04-12 12:28:40.814832,109.815,109.77,109.76
2016-04-12 12:28:41.523303,109.815,109.72,109.71
2016-04-12 12:28:42.085043,109.815,109.72,109.71
2016-04-12 12:28:42.298325,109.794,109.72,109.71
2016-04-12 12:28:42.510559,109.794,109.72,109.71
2016-04-12 12:28:42.736199,109.794,109.72,109.71
2016-04-12 12:28:42.928036,109.794,109.72,109.71
2016-04-12 12:28:43.134562,109.794,109.72,109.71
2016-04-12 12:28:43.339080,109.794,109.72,109.71
2016-04-12 12:28:43.534824,109.794,109.72,109.71
2016-04-12 12:28:43.723271,109.794,109.72,109.71
2016-04-12 12:28:43.959928,109.794,109.72,109.71
2016-04-12 12:28:44.137466,109.794,109.72,109.71
