time,price,bid,ask
2016-04-12 12:30:15.245623,27.4499,27.38,27.37
2016-04-12 12:30:15.789557,27.4499,27.38,27.37
2016-04-12 12:30:15.955460,27.4499,27.38,27.37
2016-04-12 12:30:16.118326,27.4499,27.38,27.37
2016-04-12 12:30:16.288798,27.4499,27.38,27.37
2016-04-12 12:30:16.444379,27.4499,27.38,27.37
2016-04-12 12:30:16.671626,27.4499,27.38,27.37
2016-04-12 12:30:16.823937,27.4499,27.38,27.37
2016-04-12 12:30:17.060225,27.4499,27.38,27.37
2016-04-12 12:30:17.245995,27.4499,27.38,27.37
2016-04-12 12:30:17.398019,27.4499,27.38,27.37
2016-04-12 12:30:17.554864,27.4499,27.38,27.37
2016-04-12 12:30:17.707298,27.4499,27.38,27.37
2016-04-12 12:30:17.867855,27.4499,27.38,27.37
2016-04-12 12:30:18.025370,27.4499,27.38,27.37
2016-04-12 12:30:18.186982,27.445,27.38,27.37
2016-04-12 12:30:18.340423,27.445,27.38,27.37
2016-04-12 12:30:18.506688,27.445,27.38,27.37
2016-04-12 12:30:18.661335,27.445,27.38,27.37
2016-04-12 12:30:18.823561,27.445,27.38,27.37
2016-04-12 12:30:18.983456,27.445,27.38,27.37
2016-04-12 12:30:19.157092,27.445,27.38,27.37
2016-04-12 12:30:19.311377,27.445,27.38,27.37
2016-04-12 12:30:19.454016,27.445,27.38,27.37
2016-04-12 12:30:19.649689,27.445,27.38,27.37
2016-04-12 12:30:19.805346,27.445,27.38,27.37
2016-04-12 12:30:19.956429,27.445,27.38,27.37
2016-04-12 12:30:20.105259,27.445,27.38,27.37
2016-04-12 12:30:20.267155,27.445,27.38,27.37
2016-04-12 12:30:20.425343,27.445,27.38,27.37
2016-04-12 12:30:20.595734,27.445,27.38,27.37
2016-04-12 12:30:20.763815,27.445,27.38,27.37
2016-04-12 12:30:20.926708,27.445,27.38,27.37
2016-04-12 12:30:21.093753,27.445,27.38,27.37
2016-04-12 12:30:21.256299,27.445,27.38,27.37
2016-04-12 12:30:21.413209,27.445,27.38,27.37
2016-04-12 12:30:21.561428,27.446,27.38,27.37
2016-04-12 12:30:21.745902,27.446,27.38,27.37
2016-04-12 12:30:21.905547,27.4468,27.38,27.37
2016-04-12 12:30:22.078879,27.4468,27.38,27.37
2016-04-12 12:30:22.234476,27.4468,27.38,27.37
2016-04-12 12:30:22.397354,27.4468,27.38,27.37
2016-04-12 12:30:22.560077,27.4468,27.38,27.37
2016-04-12 12:30:22.720817,27.4468,27.38,27.37
2016-04-12 12:30:22.894768,27.4468,27.38,27.37
2016-04-12 12:30:23.046509,27.4468,27.38,27.37
2016-04-12 12:30:23.202107,27.44,27.38,27.37
2016-04-12 12:30:23.361566,27.44,27.38,27.37
2016-04-12 12:30:23.522095,27.44,27.38,27.37
2016-04-12 12:30:23.684508,27.44,27.38,27.37
2016-04-12 12:30:23.851578,27.44,27.38,27.37
2016-04-12 12:30:24.059571,27.44,27.38,27.37
2016-04-12 12:30:24.215304,27.44,27.38,27.37
2016-04-12 12:30:24.387661,27.44,27.38,27.37
2016-04-12 12:30:24.546559,27.44,27.38,27.37
2016-04-12 12:30:24.707925,27.44,27.38,27.37
2016-04-12 12:30:24.862987,27.44,27.38,27.37
2016-04-12 12:30:25.018100,27.44,27.38,27.37
2016-04-12 12:30:25.182139,27.44,27.38,27.37
2016-04-12 12:30:25.336623,27.44,27.38,27.37
2016-04-12 12:30:25.498412,27.44,27.38,27.37
2016-04-12 12:30:25.761182,27.44,27.38,27.37
2016-04-12 12:30:25.926567,27.44,27.38,27.37
2016-04-12 12:30:26.080445,27.44,27.38,27.37
2016-04-12 12:30:26.245878,27.44,27.38,27.37
2016-04-12 12:30:26.397738,27.44,27.38,27.37
2016-04-12 12:30:26.563858,27.44,27.38,27.37
2016-04-12 12:30:26.725313,27.44,27.38,27.37
2016-04-12 12:30:26.872159,27.44,27.38,27.37
2016-04-12 12:30:27.032970,27.44,27.38,27.37
2016-04-12 12:30:27.214380,27.44,27.38,27.37
2016-04-12 12:30:27.408116,27.44,27.38,27.37
2016-04-12 12:30:27.556351,27.44,27.38,27.37
2016-04-12 12:30:27.714272,27.44,27.38,27.37
2016-04-12 12:30:27.869250,27.44,27.38,27.37
2016-04-12 12:30:28.217683,27.44,27.38,27.37
2016-04-12 12:30:28.391833,27.44,27.38,27.37
2016-04-12 12:30:28.549286,27.44,27.38,27.37
2016-04-12 12:30:28.704314,27.44,27.38,27.37
2016-04-12 12:30:28.856180,27.44,27.38,27.37
2016-04-12 12:30:29.014629,27.44,27.38,27.37
2016-04-12 12:30:29.172895,27.44,27.38,27.37
2016-04-12 12:30:29.416780,27.44,27.38,27.37
2016-04-12 12:30:29.921658,27.44,27.39,27.38
2016-04-12 12:30:31.563074,27.44,27.39,27.38
2016-04-12 12:30:32.226339,27.44,27.39,27.38
2016-04-12 12:30:32.926442,27.44,27.39,27.38
2016-04-12 12:30:33.641732,27.4466,27.39,27.38
2016-04-12 12:30:34.650522,27.4465,27.39,27.38
2016-04-12 12:30:35.443367,27.4465,27.39,27.38
2016-04-12 12:30:36.111271,27.4465,27.39,27.38
2016-04-12 12:30:36.643212,27.4465,27.39,27.38
2016-04-12 12:30:37.333321,27.4462,27.39,27.38
2016-04-12 12:30:37.492938,27.4462,27.39,27.38
2016-04-12 12:30:37.646112,27.4466,27.39,27.38
2016-04-12 12:30:37.811776,27.4466,27.39,27.38
2016-04-12 12:30:38.002617,27.4466,27.39,27.38
2016-04-12 12:30:38.156537,27.4466,27.39,27.38
2016-04-12 12:30:38.307433,27.4466,27.39,27.38
2016-04-12 12:30:38.466799,27.4466,27.39,27.38
2016-04-12 12:30:38.634443,27.4466,27.39,27.38
2016-04-12 12:30:38.802559,27.4466,27.39,27.38
2016-04-12 12:30:38.970675,27.4466,27.39,27.38
2016-04-12 12:30:39.127527,27.4466,27.39,27.38
2016-04-12 12:30:39.299215,27.4466,27.39,27.38
2016-04-12 12:30:40.530205,27.44,27.39,27.38
2016-04-12 12:30:40.703687,27.44,27.39,27.38
2016-04-12 12:30:40.875259,27.44,27.39,27.38
2016-04-12 12:30:41.035962,27.44,27.39,27.38
2016-04-12 12:30:41.246563,27.44,27.39,27.38
2016-04-12 12:30:41.397978,27.44,27.39,27.38
2016-04-12 12:30:41.545708,27.44,27.39,27.38
2016-04-12 12:30:41.716091,27.44,27.39,27.38
2016-04-12 12:30:41.867416,27.44,27.39,27.38
2016-04-12 12:30:42.033526,27.44,27.39,27.38
2016-04-12 12:30:42.187887,27.44,27.39,27.38
2016-04-12 12:30:42.358773,27.44,27.39,27.38
2016-04-12 12:30:42.527808,27.44,27.38,27.37
2016-04-12 12:30:42.692064,27.44,27.38,27.37
2016-04-12 12:30:42.869871,27.44,27.38,27.37
2016-04-12 12:30:43.034141,27.44,27.38,27.37
2016-04-12 12:30:43.205876,27.44,27.38,27.37
2016-04-12 12:30:43.381960,27.44,27.38,27.37
2016-04-12 12:30:43.603863,27.44,27.38,27.37
2016-04-12 12:30:43.759816,27.44,27.38,27.37
2016-04-12 12:30:43.917610,27.44,27.38,27.37
2016-04-12 12:30:44.153860,27.44,27.38,27.37
2016-04-12 12:30:44.305967,27.44,27.38,27.37
2016-04-12 12:30:44.465612,27.44,27.38,27.37
2016-04-12 12:30:44.625299,27.44,27.38,27.37
2016-04-12 12:30:44.777771,27.44,27.38,27.37
2016-04-12 12:30:44.942757,27.44,27.38,27.37
2016-04-12 12:30:45.104452,27.44,27.38,27.37
2016-04-12 12:30:45.254882,27.44,27.38,27.37
2016-04-12 12:30:45.402904,27.44,27.38,27.37
2016-04-12 12:30:45.556225,27.44,27.38,27.37
2016-04-12 12:30:45.705845,27.44,27.38,27.37
2016-04-12 12:30:45.859941,27.44,27.38,27.37
2016-04-12 12:30:46.011483,27.44,27.38,27.37
2016-04-12 12:30:46.170715,27.44,27.38,27.37
2016-04-12 12:30:46.337401,27.44,27.38,27.37
2016-04-12 12:30:46.496506,27.44,27.38,27.37
2016-04-12 12:30:46.660143,27.44,27.38,27.37
2016-04-12 12:30:46.825292,27.44,27.38,27.37
2016-04-12 12:30:46.977341,27.44,27.38,27.37
2016-04-12 12:30:47.138110,27.44,27.38,27.37
2016-04-12 12:30:47.298951,27.44,27.38,27.37
2016-04-12 12:30:47.456607,27.44,27.38,27.37
2016-04-12 12:30:47.623027,27.44,27.38,27.37
2016-04-12 12:30:47.778102,27.44,27.38,27.37
2016-04-12 12:30:47.938555,27.44,27.38,27.37
2016-04-12 12:30:48.094516,27.44,27.38,27.37
2016-04-12 12:30:48.245912,27.44,27.38,27.37
2016-04-12 12:30:48.436681,27.44,27.38,27.37
2016-04-12 12:30:48.603508,27.44,27.38,27.37
2016-04-12 12:30:48.782020,27.44,27.38,27.37
2016-04-12 12:30:48.948106,27.44,27.38,27.37
2016-04-12 12:30:49.102995,27.44,27.38,27.37
2016-04-12 12:30:49.263611,27.44,27.38,27.37
2016-04-12 12:30:49.425897,27.44,27.38,27.37
2016-04-12 12:30:49.580267,27.45,27.38,27.37
2016-04-12 12:30:49.754918,27.45,27.38,27.37
2016-04-12 12:30:49.915417,27.45,27.38,27.37
2016-04-12 12:30:50.068965,27.45,27.38,27.37
2016-04-12 12:30:50.238095,27.45,27.38,27.37
2016-04-12 12:30:50.560751,27.45,27.38,27.37
2016-04-12 12:30:50.722667,27.445,27.38,27.37
2016-04-12 12:30:50.882201,27.445,27.38,27.37
2016-04-12 12:30:51.052777,27.445,27.38,27.37
2016-04-12 12:30:51.205681,27.445,27.38,27.37
2016-04-12 12:30:51.368072,27.445,27.38,27.37
2016-04-12 12:30:51.536489,27.445,27.38,27.37
2016-04-12 12:30:51.685320,27.445,27.38,27.37
2016-04-12 12:30:51.841882,27.445,27.38,27.37
2016-04-12 12:30:52.045763,27.445,27.38,27.37
2016-04-12 12:30:52.192318,27.445,27.38,27.37
2016-04-12 12:30:52.351972,27.445,27.38,27.37
2016-04-12 12:30:52.526964,27.445,27.38,27.37
2016-04-12 12:30:52.681731,27.445,27.38,27.37
2016-04-12 12:30:52.857157,27.445,27.38,27.37
2016-04-12 12:30:53.028918,27.445,27.38,27.37
2016-04-12 12:30:53.197790,27.445,27.38,27.37
2016-04-12 12:30:53.365239,27.445,27.38,27.37
2016-04-12 12:30:53.543483,27.445,27.38,27.37
2016-04-12 12:30:53.812665,27.445,27.38,27.37
2016-04-12 12:30:53.980066,27.445,27.38,27.37
2016-04-12 12:30:54.152932,27.445,27.38,27.37
2016-04-12 12:30:54.299848,27.445,27.38,27.37
2016-04-12 12:30:54.462293,27.445,27.38,27.37
2016-04-12 12:30:54.626801,27.445,27.38,27.37
2016-04-12 12:30:54.777525,27.445,27.38,27.37
2016-04-12 12:30:54.932819,27.445,27.38,27.37
2016-04-12 12:30:55.097667,27.445,27.38,27.37
2016-04-12 12:30:55.262133,27.445,27.38,27.37
2016-04-12 12:30:55.411125,27.45,27.38,27.37
2016-04-12 12:30:55.581544,27.45,27.38,27.37
2016-04-12 12:30:55.734231,27.45,27.38,27.37
2016-04-12 12:30:56.287687,27.45,27.38,27.37
2016-04-12 12:30:56.443191,27.45,27.38,27.37
2016-04-12 12:30:56.601115,27.45,27.38,27.37
2016-04-12 12:30:56.858038,27.45,27.38,27.37
2016-04-12 12:30:57.030565,27.45,27.38,27.37
2016-04-12 12:30:57.212685,27.45,27.38,27.37
2016-04-12 12:30:57.384072,27.45,27.38,27.37
2016-04-12 12:30:57.579680,27.45,27.38,27.37
2016-04-12 12:30:57.737270,27.45,27.38,27.37
2016-04-12 12:30:57.898876,27.45,27.38,27.37
2016-04-12 12:30:58.057641,27.44,27.38,27.37
2016-04-12 12:30:58.245276,27.44,27.38,27.37
2016-04-12 12:30:58.454087,27.44,27.38,27.37
2016-04-12 12:30:58.611708,27.44,27.38,27.37
2016-04-12 12:30:58.770287,27.44,27.38,27.37
2016-04-12 12:30:58.929591,27.44,27.38,27.37
2016-04-12 12:30:59.524154,27.44,27.38,27.37
2016-04-12 12:30:59.680138,27.44,27.38,27.37
2016-04-12 12:30:59.830346,27.44,27.38,27.37
2016-04-12 12:30:59.984241,27.44,27.38,27.37
2016-04-12 12:31:00.144378,27.44,27.38,27.37
2016-04-12 12:31:00.290965,27.44,27.38,27.37
2016-04-12 12:31:00.458079,27.445,27.38,27.37
2016-04-12 12:31:00.616611,27.445,27.38,27.37
2016-04-12 12:31:00.770856,27.455,27.38,27.37
2016-04-12 12:31:00.925724,27.45,27.38,27.37
2016-04-12 12:31:01.092208,27.45,27.38,27.37
2016-04-12 12:31:01.250487,27.45,27.38,27.37
2016-04-12 12:31:01.424658,27.45,27.38,27.37
2016-04-12 12:31:02.006847,27.455,27.38,27.37
2016-04-12 12:31:02.234753,27.445,27.38,27.37
2016-04-12 12:31:02.428214,27.445,27.38,27.37
2016-04-12 12:31:02.602940,27.445,27.38,27.37
2016-04-12 12:31:02.771219,27.445,27.38,27.37
2016-04-12 12:31:02.934325,27.445,27.38,27.37
2016-04-12 12:31:03.087863,27.445,27.38,27.37
2016-04-12 12:31:03.243768,27.445,27.38,27.37
2016-04-12 12:31:03.411017,27.445,27.38,27.37
2016-04-12 12:31:03.912368,27.445,27.38,27.37
2016-04-12 12:31:04.377835,27.445,27.38,27.37
2016-04-12 12:31:04.559641,27.4584,27.38,27.37
2016-04-12 12:31:04.727418,27.4584,27.38,27.37
2016-04-12 12:31:04.890133,27.4584,27.38,27.37
2016-04-12 12:31:05.045868,27.4584,27.38,27.37
2016-04-12 12:31:05.286334,27.4584,27.38,27.37
2016-04-12 12:31:05.445433,27.4584,27.38,27.37
2016-04-12 12:31:05.597898,27.4584,27.38,27.37
2016-04-12 12:31:05.749725,27.4584,27.38,27.37
2016-04-12 12:31:05.909663,27.4584,27.38,27.37
2016-04-12 12:31:06.082313,27.4584,27.38,27.37
2016-04-12 12:31:06.656193,27.4575,27.38,27.37
2016-04-12 12:31:06.818970,27.4575,27.38,27.37
2016-04-12 12:31:06.970418,27.451,27.38,27.37
2016-04-12 12:31:07.118704,27.451,27.38,27.37
2016-04-12 12:31:07.316546,27.451,27.38,27.37
2016-04-12 12:31:07.481868,27.451,27.38,27.37
2016-04-12 12:31:07.629353,27.451,27.38,27.37
2016-04-12 12:31:07.789574,27.451,27.38,27.37
2016-04-12 12:31:07.947939,27.451,27.38,27.37
2016-04-12 12:31:08.096511,27.451,27.38,27.37
2016-04-12 12:31:08.243374,27.451,27.38,27.37
2016-04-12 12:31:08.692749,27.45,27.38,27.37
2016-04-12 12:31:08.841952,27.45,27.38,27.37
2016-04-12 12:31:08.994472,27.45,27.38,27.37
2016-04-12 12:31:09.190827,27.45,27.38,27.37
2016-04-12 12:31:09.342942,27.45,27.38,27.37
2016-04-12 12:31:09.488052,27.45,27.38,27.37
2016-04-12 12:31:09.983000,27.45,27.38,27.37
2016-04-12 12:31:10.136917,27.4558,27.38,27.37
2016-04-12 12:31:10.287476,27.4558,27.38,27.37
2016-04-12 12:31:10.436452,27.4558,27.38,27.37
2016-04-12 12:31:10.584829,27.4558,27.38,27.37
2016-04-12 12:31:10.734219,27.4558,27.38,27.37
2016-04-12 12:31:10.896479,27.4558,27.38,27.37
2016-04-12 12:31:11.389611,27.455,27.38,27.37
2016-04-12 12:31:11.529147,27.455,27.38,27.37
2016-04-12 12:31:11.680132,27.455,27.38,27.37
2016-04-12 12:31:11.897300,27.46,27.38,27.37
2016-04-12 12:31:12.050011,27.46,27.38,27.37
2016-04-12 12:31:12.210246,27.46,27.38,27.37
2016-04-12 12:31:12.361941,27.455,27.38,27.37
2016-04-12 12:31:12.516960,27.46,27.38,27.37
2016-04-12 12:31:12.679079,27.465,27.38,27.37
2016-04-12 12:31:12.852043,27.465,27.38,27.37
2016-04-12 12:31:13.002047,27.465,27.38,27.37
2016-04-12 12:31:13.150068,27.465,27.38,27.37
2016-04-12 12:31:13.295011,27.465,27.38,27.37
2016-04-12 12:31:13.442334,27.465,27.38,27.37
2016-04-12 12:31:13.948044,27.465,27.38,27.37
2016-04-12 12:31:14.136482,27.465,27.38,27.37
2016-04-12 12:31:14.280305,27.465,27.38,27.37
2016-04-12 12:31:14.421223,27.465,27.38,27.37
2016-04-12 12:31:14.576400,27.465,27.38,27.37
2016-04-12 12:31:14.735343,27.465,27.38,27.37
2016-04-12 12:31:14.886027,27.47,27.38,27.37
2016-04-12 12:31:15.049596,27.47,27.38,27.37
2016-04-12 12:31:15.203688,27.47,27.38,27.37
2016-04-12 12:31:15.494075,27.47,27.38,27.37
2016-04-12 12:31:15.651003,27.47,27.38,27.37
2016-04-12 12:31:15.804766,27.47,27.38,27.37
2016-04-12 12:31:16.045009,27.47,27.38,27.37
2016-04-12 12:31:16.199250,27.47,27.38,27.37
2016-04-12 12:31:16.354062,27.47,27.38,27.37
2016-04-12 12:31:16.678095,27.47,27.38,27.37
2016-04-12 12:31:16.828825,27.47,27.38,27.37
2016-04-12 12:31:17.019421,27.47,27.38,27.37
2016-04-12 12:31:17.206131,27.47,27.38,27.37
2016-04-12 12:31:17.374758,27.47,27.38,27.37
2016-04-12 12:31:17.531244,27.47,27.38,27.37
2016-04-12 12:31:17.691025,27.47,27.38,27.37
2016-04-12 12:31:17.850520,27.47,27.38,27.37
2016-04-12 12:31:18.000455,27.47,27.38,27.37
2016-04-12 12:31:18.170311,27.47,27.38,27.37
2016-04-12 12:31:18.319737,27.47,27.38,27.37
2016-04-12 12:31:18.464517,27.47,27.38,27.37
2016-04-12 12:31:18.647293,27.47,27.38,27.37
2016-04-12 12:31:18.804550,27.47,27.38,27.37
2016-04-12 12:31:18.968854,27.47,27.38,27.37
2016-04-12 12:31:19.123205,27.47,27.38,27.37
2016-04-12 12:31:19.276928,27.47,27.38,27.37
2016-04-12 12:31:19.434133,27.47,27.38,27.37
2016-04-12 12:31:19.602671,27.47,27.38,27.37
2016-04-12 12:31:19.769825,27.47,27.38,27.37
2016-04-12 12:31:19.936515,27.47,27.38,27.37
2016-04-12 12:31:20.157464,27.465,27.38,27.37
2016-04-12 12:31:20.299160,27.465,27.38,27.37
2016-04-12 12:31:20.441693,27.465,27.38,27.37
2016-04-12 12:31:20.588542,27.465,27.38,27.37
2016-04-12 12:31:20.739140,27.465,27.38,27.37
2016-04-12 12:31:20.894514,27.465,27.38,27.37
2016-04-12 12:31:21.043245,27.465,27.38,27.37
2016-04-12 12:31:21.187195,27.465,27.38,27.37
2016-04-12 12:31:21.332050,27.465,27.38,27.37
2016-04-12 12:31:21.473459,27.465,27.38,27.37
2016-04-12 12:31:21.619916,27.465,27.38,27.37
2016-04-12 12:31:21.774011,27.465,27.38,27.37
2016-04-12 12:31:21.931981,27.465,27.38,27.37
2016-04-12 12:31:22.083569,27.465,27.38,27.37
2016-04-12 12:31:22.236236,27.465,27.38,27.37
2016-04-12 12:31:22.384758,27.465,27.38,27.37
2016-04-12 12:31:22.540413,27.465,27.38,27.37
2016-04-12 12:31:22.694094,27.465,27.38,27.37
2016-04-12 12:31:22.841544,27.465,27.38,27.37
2016-04-12 12:31:22.992968,27.465,27.38,27.37
2016-04-12 12:31:23.138960,27.465,27.38,27.37
2016-04-12 12:31:23.294896,27.465,27.38,27.37
2016-04-12 12:31:23.453140,27.465,27.38,27.37
2016-04-12 12:31:23.632744,27.465,27.38,27.37
2016-04-12 12:31:23.794854,27.465,27.38,27.37
2016-04-12 12:31:23.948166,27.465,27.38,27.37
2016-04-12 12:31:24.091490,27.465,27.38,27.37
2016-04-12 12:31:24.236942,27.465,27.38,27.37
2016-04-12 12:31:24.400855,27.465,27.38,27.37
2016-04-12 12:31:24.547246,27.465,27.38,27.37
2016-04-12 12:31:24.700626,27.465,27.38,27.37
2016-04-12 12:31:24.845722,27.465,27.38,27.37
2016-04-12 12:31:24.990553,27.465,27.38,27.37
2016-04-12 12:31:25.134452,27.465,27.38,27.37
2016-04-12 12:31:25.288638,27.465,27.38,27.37
2016-04-12 12:31:25.436126,27.465,27.38,27.37
2016-04-12 12:31:25.596755,27.465,27.38,27.37
2016-04-12 12:31:25.750461,27.465,27.38,27.37
2016-04-12 12:31:25.929935,27.465,27.38,27.37
2016-04-12 12:31:26.085714,27.465,27.38,27.37
2016-04-12 12:31:26.236745,27.465,27.38,27.37
2016-04-12 12:31:27.448310,27.465,27.38,27.37
2016-04-12 12:31:27.848468,27.465,27.38,27.37
2016-04-12 12:31:28.003019,27.465,27.38,27.37
2016-04-12 12:31:28.159679,27.465,27.38,27.37
2016-04-12 12:31:28.310499,27.465,27.38,27.37
2016-04-12 12:31:28.462532,27.465,27.38,27.37
2016-04-12 12:31:28.612248,27.465,27.38,27.37
2016-04-12 12:31:28.769509,27.47,27.38,27.37
2016-04-12 12:31:28.922043,27.47,27.38,27.37
2016-04-12 12:31:29.086726,27.47,27.38,27.37
2016-04-12 12:31:29.234841,27.47,27.38,27.37
2016-04-12 12:31:29.393679,27.47,27.38,27.37
2016-04-12 12:31:29.548081,27.47,27.38,27.37
2016-04-12 12:31:29.706790,27.47,27.39,27.38
2016-04-12 12:31:29.858377,27.47,27.39,27.38
2016-04-12 12:31:30.129852,27.47,27.39,27.38
2016-04-12 12:31:30.281804,27.47,27.39,27.38
2016-04-12 12:31:30.432238,27.47,27.39,27.38
2016-04-12 12:31:30.584942,27.47,27.39,27.38
2016-04-12 12:31:30.732414,27.47,27.39,27.38
2016-04-12 12:31:30.942181,27.47,27.39,27.38
2016-04-12 12:31:31.092289,27.47,27.39,27.38
2016-04-12 12:31:31.244518,27.47,27.39,27.38
2016-04-12 12:31:31.397707,27.47,27.39,27.38
2016-04-12 12:31:31.550518,27.47,27.39,27.38
2016-04-12 12:31:31.709493,27.47,27.39,27.38
2016-04-12 12:31:31.863651,27.47,27.39,27.38
2016-04-12 12:31:32.011927,27.47,27.39,27.38
2016-04-12 12:31:32.188269,27.4696,27.39,27.38
2016-04-12 12:31:32.332404,27.4696,27.39,27.38
2016-04-12 12:31:32.480474,27.4696,27.39,27.38
2016-04-12 12:31:32.630028,27.4696,27.39,27.38
2016-04-12 12:31:32.780663,27.4696,27.39,27.38
2016-04-12 12:31:32.934844,27.4696,27.39,27.38
2016-04-12 12:31:33.084921,27.4696,27.39,27.38
2016-04-12 12:31:33.239252,27.4696,27.39,27.38
2016-04-12 12:31:33.391248,27.4696,27.39,27.38
2016-04-12 12:31:33.554823,27.4696,27.39,27.38
2016-04-12 12:31:33.710170,27.4696,27.39,27.38
2016-04-12 12:31:33.869307,27.4696,27.39,27.38
2016-04-12 12:31:34.025044,27.4696,27.39,27.38
2016-04-12 12:31:34.181248,27.4696,27.39,27.38
2016-04-12 12:31:34.335170,27.4696,27.39,27.38
2016-04-12 12:31:34.504091,27.4696,27.39,27.38
2016-04-12 12:31:34.662350,27.4696,27.39,27.38
2016-04-12 12:31:34.819629,27.4696,27.39,27.38
2016-04-12 12:31:34.976675,27.4696,27.39,27.38
2016-04-12 12:31:35.136027,27.4696,27.39,27.38
2016-04-12 12:31:35.289901,27.4696,27.39,27.38
2016-04-12 12:31:35.449357,27.4696,27.39,27.38
2016-04-12 12:31:35.604851,27.4696,27.39,27.38
2016-04-12 12:31:35.773071,27.4696,27.39,27.38
2016-04-12 12:31:35.938971,27.4696,27.39,27.38
2016-04-12 12:31:36.095690,27.4696,27.39,27.38
2016-04-12 12:31:36.253381,27.4696,27.39,27.38
2016-04-12 12:31:36.408165,27.4696,27.39,27.38
2016-04-12 12:31:36.584919,27.4696,27.39,27.38
2016-04-12 12:31:36.768719,27.4696,27.39,27.38
2016-04-12 12:31:36.922343,27.4696,27.39,27.38
2016-04-12 12:31:37.432574,27.4696,27.39,27.38
2016-04-12 12:31:37.599941,27.4696,27.39,27.38
2016-04-12 12:31:37.796592,27.4696,27.39,27.38
2016-04-12 12:31:37.947232,27.465,27.39,27.38
2016-04-12 12:31:38.333832,27.465,27.39,27.38
2016-04-12 12:31:38.488470,27.465,27.39,27.38
2016-04-12 12:31:38.656712,27.465,27.39,27.38
2016-04-12 12:31:38.810222,27.465,27.39,27.38
2016-04-12 12:31:38.965615,27.465,27.39,27.38
2016-04-12 12:31:39.119446,27.465,27.39,27.38
2016-04-12 12:31:39.280660,27.465,27.39,27.38
2016-04-12 12:31:39.437684,27.465,27.39,27.38
2016-04-12 12:31:39.604678,27.465,27.39,27.38
2016-04-12 12:31:39.787322,27.465,27.39,27.38
2016-04-12 12:31:39.934844,27.465,27.39,27.38
2016-04-12 12:31:40.088427,27.465,27.39,27.38
2016-04-12 12:31:40.247295,27.465,27.39,27.38
2016-04-12 12:31:40.404970,27.465,27.39,27.38
2016-04-12 12:31:40.554284,27.465,27.39,27.38
2016-04-12 12:31:40.706749,27.465,27.39,27.38
2016-04-12 12:31:40.854846,27.465,27.39,27.38
2016-04-12 12:31:41.006620,27.465,27.39,27.38
2016-04-12 12:31:41.168147,27.465,27.39,27.38
2016-04-12 12:31:41.318713,27.4601,27.39,27.38
2016-04-12 12:31:41.470015,27.4601,27.39,27.38
2016-04-12 12:31:41.627841,27.4601,27.39,27.38
2016-04-12 12:31:41.833035,27.4601,27.39,27.38
2016-04-12 12:31:41.993737,27.4601,27.39,27.38
2016-04-12 12:31:42.165750,27.4601,27.39,27.38
2016-04-12 12:31:42.339408,27.4601,27.39,27.38
2016-04-12 12:31:42.504224,27.4601,27.39,27.38
2016-04-12 12:31:42.673116,27.4601,27.39,27.38
2016-04-12 12:31:42.839587,27.4601,27.39,27.38
2016-04-12 12:31:43.020844,27.4601,27.39,27.38
2016-04-12 12:31:43.183370,27.4601,27.41,27.4
2016-04-12 12:31:43.343306,27.4601,27.41,27.4
2016-04-12 12:31:43.505286,27.4601,27.41,27.4
2016-04-12 12:31:43.664735,27.4601,27.41,27.4
2016-04-12 12:31:43.827197,27.4601,27.41,27.4
2016-04-12 12:31:43.986153,27.4601,27.41,27.4
2016-04-12 12:31:44.162745,27.4601,27.41,27.4
2016-04-12 12:31:44.318043,27.4601,27.41,27.4
2016-04-12 12:31:44.481976,27.4601,27.41,27.4
2016-04-12 12:31:44.642664,27.4601,27.41,27.4
2016-04-12 12:31:44.825491,27.4601,27.41,27.4
2016-04-12 12:31:44.982469,27.4601,27.41,27.4
2016-04-12 12:31:45.168389,27.4601,27.41,27.4
2016-04-12 12:31:45.331726,27.4601,27.41,27.4
2016-04-12 12:31:45.481886,27.4601,27.41,27.4
2016-04-12 12:31:45.631657,27.4601,27.41,27.4
2016-04-12 12:31:45.786882,27.4601,27.41,27.4
2016-04-12 12:31:45.961582,27.4601,27.41,27.4
2016-04-12 12:31:46.107209,27.4601,27.41,27.4
2016-04-12 12:31:46.265477,27.4601,27.41,27.4
2016-04-12 12:31:46.613974,27.4601,27.41,27.4
2016-04-12 12:31:46.766750,27.4601,27.41,27.4
2016-04-12 12:31:46.931171,27.4601,27.41,27.4
2016-04-12 12:31:47.093158,27.4601,27.41,27.4
2016-04-12 12:31:47.270877,27.4601,27.41,27.4
2016-04-12 12:31:47.465235,27.4601,27.41,27.4
2016-04-12 12:31:47.622866,27.4601,27.41,27.4
2016-04-12 12:31:47.793729,27.4601,27.41,27.4
2016-04-12 12:31:47.954529,27.4601,27.41,27.4
2016-04-12 12:31:48.130564,27.4601,27.41,27.4
2016-04-12 12:31:48.302959,27.4601,27.41,27.4
2016-04-12 12:31:48.454558,27.4601,27.41,27.4
2016-04-12 12:31:48.617488,27.4601,27.41,27.4
2016-04-12 12:31:48.784143,27.4601,27.41,27.4
2016-04-12 12:31:48.932168,27.4601,27.41,27.4
2016-04-12 12:31:49.087255,27.4601,27.41,27.4
2016-04-12 12:31:49.229808,27.4601,27.41,27.4
2016-04-12 12:31:49.383586,27.4601,27.41,27.4
2016-04-12 12:31:49.546977,27.4601,27.41,27.4
2016-04-12 12:31:49.747634,27.4601,27.41,27.4
2016-04-12 12:31:49.896194,27.4601,27.41,27.4
2016-04-12 12:31:50.048515,27.4601,27.41,27.4
2016-04-12 12:31:50.206086,27.4601,27.41,27.4
2016-04-12 12:31:50.361215,27.4601,27.41,27.4
2016-04-12 12:31:50.527446,27.4601,27.41,27.4
2016-04-12 12:31:50.689060,27.4601,27.41,27.4
2016-04-12 12:31:51.251087,27.4601,27.41,27.4
2016-04-12 12:31:51.410988,27.4601,27.41,27.4
2016-04-12 12:31:51.559530,27.4601,27.41,27.4
2016-04-12 12:31:51.703548,27.4601,27.41,27.4
2016-04-12 12:31:51.849415,27.4601,27.41,27.4
2016-04-12 12:31:52.002732,27.4601,27.41,27.4
2016-04-12 12:31:52.164683,27.4601,27.41,27.4
2016-04-12 12:31:52.353877,27.4601,27.41,27.4
2016-04-12 12:31:52.515060,27.4601,27.41,27.4
2016-04-12 12:31:52.668807,27.4601,27.41,27.4
2016-04-12 12:31:52.828385,27.46,27.41,27.4
2016-04-12 12:31:52.979040,27.46,27.41,27.4
2016-04-12 12:31:53.137720,27.46,27.41,27.4
2016-04-12 12:31:54.388307,27.46,27.41,27.4
2016-04-12 12:31:54.538607,27.46,27.41,27.4
2016-04-12 12:31:54.688173,27.46,27.41,27.4
2016-04-12 12:31:54.833793,27.46,27.41,27.4
2016-04-12 12:31:54.997141,27.46,27.41,27.4
2016-04-12 12:31:55.142644,27.46,27.41,27.4
2016-04-12 12:31:55.298280,27.46,27.41,27.4
2016-04-12 12:31:55.446853,27.46,27.41,27.4
2016-04-12 12:31:55.613140,27.46,27.41,27.4
2016-04-12 12:31:55.783811,27.46,27.41,27.4
2016-04-12 12:31:55.937891,27.46,27.41,27.4
2016-04-12 12:31:56.087707,27.46,27.41,27.4
2016-04-12 12:31:56.245509,27.46,27.41,27.4
2016-04-12 12:31:56.400568,27.46,27.41,27.4
2016-04-12 12:31:56.553694,27.46,27.41,27.4
2016-04-12 12:31:56.706748,27.46,27.41,27.4
2016-04-12 12:31:56.863633,27.46,27.41,27.4
2016-04-12 12:31:57.013294,27.46,27.41,27.4
2016-04-12 12:31:57.170060,27.46,27.41,27.4
2016-04-12 12:31:57.386157,27.465,27.41,27.4
2016-04-12 12:31:57.547049,27.465,27.41,27.4
2016-04-12 12:31:57.701312,27.465,27.41,27.4
2016-04-12 12:31:57.854361,27.465,27.41,27.4
2016-04-12 12:31:58.006961,27.465,27.41,27.4
2016-04-12 12:31:58.159517,27.465,27.41,27.4
2016-04-12 12:31:58.320129,27.465,27.41,27.4
2016-04-12 12:31:58.482601,27.465,27.41,27.4
2016-04-12 12:31:58.647135,27.465,27.41,27.4
2016-04-12 12:31:58.800193,27.465,27.41,27.4
2016-04-12 12:31:59.003261,27.465,27.41,27.4
2016-04-12 12:31:59.152570,27.465,27.41,27.4
2016-04-12 12:31:59.721561,27.465,27.41,27.4
2016-04-12 12:31:59.878792,27.465,27.41,27.4
2016-04-12 12:32:00.028858,27.465,27.41,27.4
2016-04-12 12:32:00.181103,27.465,27.41,27.4
2016-04-12 12:32:00.743433,27.465,27.41,27.4
2016-04-12 12:32:00.898916,27.465,27.41,27.4
2016-04-12 12:32:01.050067,27.465,27.41,27.4
2016-04-12 12:32:01.200366,27.465,27.41,27.4
2016-04-12 12:32:01.349422,27.46,27.41,27.4
2016-04-12 12:32:01.504018,27.46,27.41,27.4
2016-04-12 12:32:02.077073,27.46,27.41,27.4
2016-04-12 12:32:02.232103,27.46,27.41,27.4
2016-04-12 12:32:02.392450,27.46,27.41,27.4
2016-04-12 12:32:02.551537,27.4687,27.41,27.4
2016-04-12 12:32:02.713583,27.4687,27.41,27.4
2016-04-12 12:32:03.305097,27.4687,27.41,27.4
2016-04-12 12:32:03.458645,27.4687,27.41,27.4
2016-04-12 12:32:04.020515,27.4687,27.41,27.4
2016-04-12 12:32:04.459019,27.4687,27.41,27.4
2016-04-12 12:32:04.622337,27.4687,27.41,27.4
2016-04-12 12:32:05.248298,27.4687,27.41,27.4
2016-04-12 12:32:05.402025,27.4687,27.41,27.4
2016-04-12 12:32:05.555355,27.4687,27.41,27.4
2016-04-12 12:32:05.712185,27.4687,27.41,27.4
2016-04-12 12:32:06.153327,27.4687,27.41,27.4
2016-04-12 12:32:06.655020,27.46,27.41,27.4
2016-04-12 12:32:06.812828,27.46,27.41,27.4
2016-04-12 12:32:07.296333,27.46,27.41,27.4
2016-04-12 12:32:07.451210,27.46,27.41,27.4
2016-04-12 12:32:08.014150,27.46,27.41,27.4
2016-04-12 12:32:08.158833,27.46,27.41,27.4
2016-04-12 12:32:08.317570,27.46,27.41,27.4
2016-04-12 12:32:08.939434,27.46,27.41,27.4
2016-04-12 12:32:09.551075,27.4601,27.41,27.4
2016-04-12 12:32:10.060574,27.4601,27.41,27.4
2016-04-12 12:32:10.207345,27.4601,27.41,27.4
2016-04-12 12:32:10.360975,27.4601,27.41,27.4
2016-04-12 12:32:10.983621,27.4601,27.41,27.4
2016-04-12 12:32:11.492583,27.4601,27.41,27.4
2016-04-12 12:32:12.007521,27.4601,27.41,27.4
2016-04-12 12:32:12.162316,27.4601,27.41,27.4
2016-04-12 12:32:12.621081,27.4601,27.41,27.4
2016-04-12 12:32:12.776295,27.4635,27.41,27.4
2016-04-12 12:32:13.237615,27.4635,27.41,27.4
2016-04-12 12:32:13.391591,27.4635,27.41,27.4
2016-04-12 12:32:13.560285,27.4635,27.41,27.4
2016-04-12 12:32:14.261185,27.4635,27.41,27.4
2016-04-12 12:32:14.417889,27.46,27.41,27.4
2016-04-12 12:32:14.980366,27.46,27.41,27.4
2016-04-12 12:32:15.171990,27.46,27.41,27.4
2016-04-12 12:32:15.351214,27.46,27.41,27.4
2016-04-12 12:32:15.497408,27.46,27.41,27.4
2016-04-12 12:32:15.648922,27.46,27.41,27.4
2016-04-12 12:32:15.810462,27.46,27.41,27.4
2016-04-12 12:32:15.964619,27.46,27.41,27.4
2016-04-12 12:32:16.125837,27.46,27.41,27.4
2016-04-12 12:32:16.284333,27.46,27.41,27.4
2016-04-12 12:32:16.441566,27.46,27.41,27.4
2016-04-12 12:32:16.605883,27.46,27.41,27.4
2016-04-12 12:32:16.755225,27.46,27.41,27.4
2016-04-12 12:32:16.936028,27.46,27.41,27.4
2016-04-12 12:32:17.084911,27.46,27.41,27.4
2016-04-12 12:32:17.228369,27.46,27.41,27.4
2016-04-12 12:32:17.400373,27.46,27.41,27.4
2016-04-12 12:32:17.555581,27.46,27.41,27.4
2016-04-12 12:32:17.709119,27.46,27.41,27.4
2016-04-12 12:32:17.859572,27.46,27.41,27.4
2016-04-12 12:32:18.010609,27.46,27.41,27.4
2016-04-12 12:32:18.323871,27.46,27.41,27.4
2016-04-12 12:32:18.469483,27.46,27.41,27.4
2016-04-12 12:32:18.626817,27.46,27.41,27.4
2016-04-12 12:32:18.845622,27.46,27.41,27.4
2016-04-12 12:32:18.993873,27.46,27.41,27.4
2016-04-12 12:32:19.145606,27.46,27.41,27.4
2016-04-12 12:32:19.289096,27.46,27.41,27.4
2016-04-12 12:32:19.448202,27.46,27.41,27.4
2016-04-12 12:32:19.601449,27.46,27.41,27.4
2016-04-12 12:32:19.755014,27.46,27.41,27.4
2016-04-12 12:32:19.898775,27.46,27.41,27.4
2016-04-12 12:32:20.048955,27.46,27.41,27.4
2016-04-12 12:32:20.198788,27.46,27.41,27.4
2016-04-12 12:32:20.360806,27.46,27.41,27.4
2016-04-12 12:32:20.510090,27.46,27.41,27.4
2016-04-12 12:32:20.663778,27.46,27.41,27.4
2016-04-12 12:32:20.813644,27.46,27.41,27.4
2016-04-12 12:32:20.964732,27.46,27.41,27.4
2016-04-12 12:32:21.127706,27.46,27.41,27.4
2016-04-12 12:32:21.276161,27.46,27.41,27.4
2016-04-12 12:32:21.425296,27.46,27.41,27.4
2016-04-12 12:32:21.572440,27.46,27.41,27.4
2016-04-12 12:32:21.729869,27.46,27.41,27.4
2016-04-12 12:32:21.889510,27.46,27.41,27.4
2016-04-12 12:32:22.041658,27.46,27.41,27.4
2016-04-12 12:32:22.195541,27.46,27.41,27.4
2016-04-12 12:32:22.344997,27.46,27.41,27.4
2016-04-12 12:32:22.499383,27.46,27.41,27.4
2016-04-12 12:32:22.655422,27.46,27.41,27.4
2016-04-12 12:32:22.803703,27.46,27.41,27.4
2016-04-12 12:32:22.950624,27.46,27.41,27.4
2016-04-12 12:32:23.099986,27.46,27.41,27.4
2016-04-12 12:32:23.247122,27.46,27.41,27.4
2016-04-12 12:32:23.399204,27.4643,27.41,27.4
2016-04-12 12:32:23.551470,27.4643,27.41,27.4
2016-04-12 12:32:23.701903,27.4643,27.41,27.4
2016-04-12 12:32:23.854746,27.4643,27.41,27.4
2016-04-12 12:32:24.003917,27.4643,27.41,27.4
2016-04-12 12:32:24.163153,27.4643,27.41,27.4
2016-04-12 12:32:24.315005,27.4643,27.41,27.4
2016-04-12 12:32:24.464926,27.4643,27.41,27.4
2016-04-12 12:32:24.615755,27.4643,27.41,27.4
2016-04-12 12:32:24.766716,27.4643,27.41,27.4
2016-04-12 12:32:25.305377,27.4643,27.41,27.4
2016-04-12 12:32:25.452549,27.4643,27.41,27.4
2016-04-12 12:32:25.602818,27.4643,27.41,27.4
2016-04-12 12:32:25.753444,27.4643,27.41,27.4
2016-04-12 12:32:25.916976,27.4643,27.41,27.4
2016-04-12 12:32:26.088847,27.4643,27.41,27.4
2016-04-12 12:32:26.266695,27.4643,27.41,27.4
2016-04-12 12:32:26.409807,27.4643,27.41,27.4
2016-04-12 12:32:26.562432,27.4643,27.41,27.4
2016-04-12 12:32:26.704559,27.4643,27.41,27.4
2016-04-12 12:32:26.853615,27.4643,27.41,27.4
2016-04-12 12:32:27.004059,27.4643,27.41,27.4
2016-04-12 12:32:27.157636,27.4643,27.41,27.4
2016-04-12 12:32:27.304911,27.4643,27.41,27.4
2016-04-12 12:32:27.453477,27.4643,27.41,27.4
2016-04-12 12:32:27.601143,27.4643,27.41,27.4
2016-04-12 12:32:27.752619,27.4643,27.41,27.4
2016-04-12 12:32:27.901577,27.4643,27.41,27.4
2016-04-12 12:32:28.069292,27.46,27.41,27.4
2016-04-12 12:32:28.223013,27.46,27.41,27.4
2016-04-12 12:32:28.378207,27.46,27.41,27.4
2016-04-12 12:32:28.529155,27.46,27.41,27.4
2016-04-12 12:32:28.676927,27.46,27.41,27.4
2016-04-12 12:32:28.831362,27.46,27.41,27.4
2016-04-12 12:32:28.981465,27.46,27.41,27.4
2016-04-12 12:32:29.135421,27.46,27.41,27.4
2016-04-12 12:32:29.284661,27.46,27.41,27.4
2016-04-12 12:32:29.432565,27.46,27.41,27.4
2016-04-12 12:32:29.585697,27.46,27.41,27.4
2016-04-12 12:32:29.736173,27.46,27.41,27.4
2016-04-12 12:32:29.903212,27.46,27.41,27.4
2016-04-12 12:32:30.048804,27.46,27.41,27.4
2016-04-12 12:32:30.203470,27.46,27.41,27.4
2016-04-12 12:32:30.356215,27.46,27.41,27.4
2016-04-12 12:32:30.504535,27.46,27.41,27.4
2016-04-12 12:32:30.703240,27.4678,27.41,27.4
2016-04-12 12:32:30.859193,27.4678,27.41,27.4
2016-04-12 12:32:31.004434,27.4678,27.41,27.4
2016-04-12 12:32:31.155160,27.4678,27.41,27.4
2016-04-12 12:32:31.311208,27.4678,27.41,27.4
2016-04-12 12:32:31.469066,27.4678,27.41,27.4
2016-04-12 12:32:31.628739,27.4678,27.41,27.4
2016-04-12 12:32:31.778315,27.4605,27.41,27.4
2016-04-12 12:32:31.955036,27.4605,27.41,27.4
2016-04-12 12:32:32.106795,27.4605,27.41,27.4
2016-04-12 12:32:32.249221,27.4605,27.41,27.4
2016-04-12 12:32:32.397606,27.4605,27.41,27.4
2016-04-12 12:32:32.550547,27.4605,27.41,27.4
2016-04-12 12:32:32.694908,27.4605,27.41,27.4
2016-04-12 12:32:32.857385,27.4605,27.41,27.4
2016-04-12 12:32:33.050579,27.4605,27.41,27.4
2016-04-12 12:32:33.203431,27.4605,27.41,27.4
2016-04-12 12:32:33.357562,27.4605,27.41,27.4
2016-04-12 12:32:33.507484,27.4605,27.41,27.4
2016-04-12 12:32:33.654584,27.4605,27.41,27.4
2016-04-12 12:32:34.138005,27.4605,27.41,27.4
2016-04-12 12:32:34.292324,27.4605,27.41,27.4
2016-04-12 12:32:34.439966,27.4605,27.41,27.4
2016-04-12 12:32:34.593319,27.4605,27.41,27.4
2016-04-12 12:32:34.740770,27.4605,27.41,27.4
2016-04-12 12:32:34.887902,27.4605,27.41,27.4
2016-04-12 12:32:35.034737,27.4605,27.41,27.4
2016-04-12 12:32:35.188817,27.4605,27.41,27.4
2016-04-12 12:32:35.715493,27.4605,27.41,27.4
2016-04-12 12:32:35.879114,27.4605,27.41,27.4
2016-04-12 12:32:36.030037,27.4605,27.41,27.4
2016-04-12 12:32:36.200301,27.4605,27.41,27.4
2016-04-12 12:32:36.349822,27.4605,27.41,27.4
2016-04-12 12:32:36.513570,27.4605,27.41,27.4
2016-04-12 12:32:36.662996,27.4605,27.41,27.4
2016-04-12 12:32:36.818973,27.4605,27.41,27.4
2016-04-12 12:32:36.977373,27.4605,27.41,27.4
2016-04-12 12:32:37.132213,27.4605,27.41,27.4
2016-04-12 12:32:37.289425,27.4605,27.41,27.4
2016-04-12 12:32:37.443990,27.4605,27.41,27.4
2016-04-12 12:32:37.603679,27.4605,27.41,27.4
2016-04-12 12:32:37.757285,27.4605,27.41,27.4
2016-04-12 12:32:37.912669,27.4605,27.41,27.4
2016-04-12 12:32:38.066658,27.4605,27.41,27.4
2016-04-12 12:32:38.214287,27.4605,27.41,27.4
2016-04-12 12:32:38.364727,27.4605,27.41,27.4
2016-04-12 12:32:38.521648,27.4605,27.41,27.4
2016-04-12 12:32:38.672043,27.4605,27.41,27.4
2016-04-12 12:32:38.934267,27.4605,27.41,27.4
2016-04-12 12:32:39.084087,27.4605,27.41,27.4
2016-04-12 12:32:39.238101,27.46,27.41,27.4
2016-04-12 12:32:39.387350,27.4644,27.41,27.4
2016-04-12 12:32:39.554959,27.4644,27.41,27.4
2016-04-12 12:32:39.722517,27.4644,27.41,27.4
2016-04-12 12:32:40.019509,27.4644,27.41,27.4
2016-04-12 12:32:40.176266,27.4644,27.41,27.4
2016-04-12 12:32:40.340976,27.4644,27.41,27.4
2016-04-12 12:32:40.520388,27.4644,27.41,27.4
2016-04-12 12:32:40.679148,27.4644,27.41,27.4
2016-04-12 12:32:40.832953,27.4644,27.41,27.4
2016-04-12 12:32:40.984163,27.4644,27.41,27.4
2016-04-12 12:32:41.139913,27.4644,27.41,27.4
2016-04-12 12:32:41.301963,27.4644,27.41,27.4
2016-04-12 12:32:41.457824,27.4644,27.41,27.4
2016-04-12 12:32:41.615102,27.4644,27.41,27.4
2016-04-12 12:32:41.772236,27.4644,27.41,27.4
2016-04-12 12:32:41.925975,27.4644,27.41,27.4
2016-04-12 12:32:42.092857,27.4644,27.41,27.4
2016-04-12 12:32:42.250343,27.4644,27.41,27.4
2016-04-12 12:32:42.400183,27.4644,27.41,27.4
2016-04-12 12:32:42.551687,27.4644,27.41,27.4
2016-04-12 12:32:42.705574,27.4644,27.41,27.4
2016-04-12 12:32:42.854059,27.4644,27.41,27.4
2016-04-12 12:32:43.009907,27.4644,27.41,27.4
2016-04-12 12:32:43.163025,27.4644,27.41,27.4
2016-04-12 12:32:43.313609,27.4644,27.41,27.4
2016-04-12 12:32:43.465430,27.4644,27.41,27.4
2016-04-12 12:32:43.625287,27.4644,27.41,27.4
2016-04-12 12:32:43.781033,27.4644,27.41,27.4
2016-04-12 12:32:43.931476,27.4644,27.41,27.4
2016-04-12 12:32:44.126393,27.4644,27.41,27.4
2016-04-12 12:32:44.289815,27.4644,27.41,27.4
2016-04-12 12:32:44.445857,27.4644,27.41,27.4
2016-04-12 12:32:44.715346,27.4644,27.41,27.4
2016-04-12 12:32:44.875291,27.4665,27.41,27.4
2016-04-12 12:32:45.053771,27.4665,27.41,27.4
2016-04-12 12:32:45.211813,27.4665,27.41,27.4
2016-04-12 12:32:45.365188,27.4665,27.41,27.4
2016-04-12 12:32:45.525175,27.4665,27.41,27.4
2016-04-12 12:32:45.724738,27.4665,27.41,27.4
2016-04-12 12:32:45.885580,27.4665,27.41,27.4
2016-04-12 12:32:46.045738,27.4665,27.41,27.4
2016-04-12 12:32:46.210158,27.4665,27.41,27.4
2016-04-12 12:32:46.373430,27.4665,27.41,27.4
2016-04-12 12:32:46.524683,27.4665,27.41,27.4
2016-04-12 12:32:46.684949,27.4665,27.41,27.4
2016-04-12 12:32:46.849192,27.4665,27.41,27.4
2016-04-12 12:32:47.006310,27.4665,27.41,27.4
2016-04-12 12:32:47.168058,27.4665,27.41,27.4
2016-04-12 12:32:47.318969,27.4665,27.41,27.4
2016-04-12 12:32:47.535761,27.4665,27.41,27.4
2016-04-12 12:32:47.689451,27.4665,27.41,27.4
2016-04-12 12:32:47.847305,27.4665,27.41,27.4
2016-04-12 12:32:48.009575,27.4665,27.41,27.4
2016-04-12 12:32:48.161795,27.4665,27.41,27.4
2016-04-12 12:32:48.314352,27.4665,27.41,27.4
2016-04-12 12:32:48.475909,27.4665,27.41,27.4
2016-04-12 12:32:48.629536,27.4665,27.41,27.4
2016-04-12 12:32:48.784171,27.4665,27.41,27.4
2016-04-12 12:32:48.962214,27.4665,27.41,27.4
2016-04-12 12:32:49.118726,27.4665,27.41,27.4
2016-04-12 12:32:49.323666,27.4665,27.41,27.4
2016-04-12 12:32:49.477355,27.4665,27.41,27.4
2016-04-12 12:32:49.629672,27.4665,27.41,27.4
2016-04-12 12:32:49.786796,27.4665,27.41,27.4
2016-04-12 12:32:49.947951,27.4665,27.41,27.4
2016-04-12 12:32:50.100772,27.4665,27.41,27.4
2016-04-12 12:32:50.256147,27.4665,27.41,27.4
2016-04-12 12:32:50.417727,27.4665,27.41,27.4
2016-04-12 12:32:50.580054,27.4665,27.41,27.4
2016-04-12 12:32:50.776284,27.4665,27.41,27.4
2016-04-12 12:32:50.942061,27.4665,27.41,27.4
2016-04-12 12:32:51.099777,27.4665,27.41,27.4
2016-04-12 12:32:51.251601,27.4665,27.41,27.4
2016-04-12 12:32:51.418012,27.4665,27.41,27.4
2016-04-12 12:32:51.575399,27.4665,27.41,27.4
2016-04-12 12:32:51.727462,27.4673,27.41,27.4
2016-04-12 12:32:51.877991,27.4673,27.41,27.4
2016-04-12 12:32:52.034248,27.4673,27.41,27.4
2016-04-12 12:32:52.187768,27.4673,27.41,27.4
2016-04-12 12:32:52.346496,27.4673,27.41,27.4
2016-04-12 12:32:52.501411,27.4673,27.41,27.4
2016-04-12 12:32:52.656534,27.4654,27.41,27.4
2016-04-12 12:32:52.815625,27.4654,27.41,27.4
2016-04-12 12:32:52.980372,27.4654,27.41,27.4
2016-04-12 12:32:53.147978,27.46,27.41,27.4
2016-04-12 12:32:53.301703,27.46,27.41,27.4
2016-04-12 12:32:53.483417,27.46,27.41,27.4
2016-04-12 12:32:53.663530,27.46,27.41,27.4
2016-04-12 12:32:53.849938,27.46,27.41,27.4
2016-04-12 12:32:54.018241,27.465,27.41,27.4
2016-04-12 12:32:54.173460,27.47,27.41,27.4
2016-04-12 12:32:54.338720,27.47,27.41,27.4
2016-04-12 12:32:54.497585,27.47,27.41,27.4
2016-04-12 12:32:54.721293,27.47,27.41,27.4
2016-04-12 12:32:54.876685,27.47,27.41,27.4
2016-04-12 12:32:55.038432,27.47,27.41,27.4
2016-04-12 12:32:55.201569,27.475,27.41,27.4
2016-04-12 12:32:55.353766,27.475,27.41,27.4
2016-04-12 12:32:55.508972,27.475,27.41,27.4
2016-04-12 12:32:55.673566,27.475,27.41,27.4
2016-04-12 12:32:55.836420,27.475,27.41,27.4
2016-04-12 12:32:55.991155,27.475,27.41,27.4
2016-04-12 12:32:56.158187,27.475,27.41,27.4
2016-04-12 12:32:56.314252,27.475,27.41,27.4
2016-04-12 12:32:56.467072,27.475,27.41,27.4
2016-04-12 12:32:56.624578,27.475,27.41,27.4
2016-04-12 12:32:56.953257,27.475,27.41,27.4
2016-04-12 12:32:57.112401,27.475,27.41,27.4
2016-04-12 12:32:57.266544,27.475,27.41,27.4
2016-04-12 12:32:57.419193,27.475,27.41,27.4
2016-04-12 12:32:57.576525,27.475,27.41,27.4
2016-04-12 12:32:57.849679,27.475,27.41,27.4
2016-04-12 12:32:58.008609,27.475,27.41,27.4
2016-04-12 12:32:58.172084,27.475,27.41,27.4
2016-04-12 12:32:58.329149,27.475,27.41,27.4
2016-04-12 12:32:58.486817,27.475,27.41,27.4
2016-04-12 12:32:58.642793,27.475,27.41,27.4
2016-04-12 12:32:58.808363,27.475,27.41,27.4
2016-04-12 12:32:58.962311,27.475,27.41,27.4
2016-04-12 12:32:59.200984,27.475,27.41,27.4
2016-04-12 12:32:59.725413,27.48,27.41,27.4
2016-04-12 12:32:59.906651,27.48,27.41,27.4
2016-04-12 12:33:00.070983,27.48,27.41,27.4
2016-04-12 12:33:00.224773,27.48,27.41,27.4
2016-04-12 12:33:00.387595,27.48,27.41,27.4
2016-04-12 12:33:00.847351,27.48,27.41,27.4
2016-04-12 12:33:01.014919,27.48,27.41,27.4
2016-04-12 12:33:01.170639,27.48,27.41,27.4
2016-04-12 12:33:01.322225,27.48,27.41,27.4
2016-04-12 12:33:01.478722,27.48,27.41,27.4
2016-04-12 12:33:01.630089,27.48,27.41,27.4
2016-04-12 12:33:02.183789,27.48,27.41,27.4
2016-04-12 12:33:02.338639,27.48,27.41,27.4
2016-04-12 12:33:02.492010,27.48,27.41,27.4
2016-04-12 12:33:02.644681,27.48,27.41,27.4
2016-04-12 12:33:02.813948,27.48,27.41,27.4
2016-04-12 12:33:03.310213,27.48,27.41,27.4
2016-04-12 12:33:03.464196,27.48,27.41,27.4
2016-04-12 12:33:04.031612,27.48,27.41,27.4
2016-04-12 12:33:04.538602,27.48,27.41,27.4
2016-04-12 12:33:04.703725,27.48,27.41,27.4
2016-04-12 12:33:05.259013,27.48,27.41,27.4
2016-04-12 12:33:05.424255,27.48,27.41,27.4
2016-04-12 12:33:05.658622,27.48,27.41,27.4
2016-04-12 12:33:05.815762,27.48,27.41,27.4
2016-04-12 12:33:06.385497,27.48,27.41,27.4
2016-04-12 12:33:06.991218,27.48,27.41,27.4
2016-04-12 12:33:07.612125,27.48,27.41,27.4
2016-04-12 12:33:08.228423,27.48,27.41,27.4
2016-04-12 12:33:08.398405,27.48,27.41,27.4
2016-04-12 12:33:08.944229,27.48,27.41,27.4
2016-04-12 12:33:09.465114,27.48,27.41,27.4
2016-04-12 12:33:09.635441,27.48,27.41,27.4
2016-04-12 12:33:10.175465,27.48,27.41,27.4
2016-04-12 12:33:10.347241,27.48,27.41,27.4
2016-04-12 12:33:10.501567,27.48,27.41,27.4
2016-04-12 12:33:10.990006,27.48,27.41,27.4
2016-04-12 12:33:11.605181,27.48,27.41,27.4
2016-04-12 12:33:12.423217,27.48,27.41,27.4
2016-04-12 12:33:12.940903,27.48,27.41,27.4
2016-04-12 12:33:13.452959,27.48,27.41,27.4
2016-04-12 12:33:13.645949,27.48,27.41,27.4
2016-04-12 12:33:14.177035,27.48,27.41,27.4
2016-04-12 12:33:14.346838,27.48,27.41,27.4
2016-04-12 12:33:14.497018,27.48,27.41,27.4
2016-04-12 12:33:14.652298,27.48,27.41,27.4
2016-04-12 12:33:14.810110,27.48,27.41,27.4
2016-04-12 12:33:14.962932,27.48,27.41,27.4
2016-04-12 12:33:15.123184,27.48,27.41,27.4
2016-04-12 12:33:15.283643,27.48,27.41,27.4
2016-04-12 12:33:15.443517,27.48,27.41,27.4
2016-04-12 12:33:15.609689,27.48,27.41,27.4
2016-04-12 12:33:15.781278,27.48,27.41,27.4
2016-04-12 12:33:15.935326,27.48,27.41,27.4
2016-04-12 12:33:16.087727,27.48,27.41,27.4
2016-04-12 12:33:16.239941,27.47,27.41,27.4
2016-04-12 12:33:16.394116,27.47,27.41,27.4
2016-04-12 12:33:16.561262,27.47,27.41,27.4
2016-04-12 12:33:16.718902,27.47,27.41,27.4
2016-04-12 12:33:16.872243,27.47,27.41,27.4
2016-04-12 12:33:17.029082,27.47,27.41,27.4
2016-04-12 12:33:17.186107,27.47,27.41,27.4
2016-04-12 12:33:17.356180,27.46,27.41,27.4
2016-04-12 12:33:17.510838,27.46,27.41,27.4
2016-04-12 12:33:17.668929,27.46,27.41,27.4
2016-04-12 12:33:17.833811,27.46,27.41,27.4
2016-04-12 12:33:18.148024,27.46,27.41,27.4
2016-04-12 12:33:18.307165,27.46,27.41,27.4
2016-04-12 12:33:18.474630,27.46,27.41,27.4
2016-04-12 12:33:18.630253,27.46,27.41,27.4
2016-04-12 12:33:18.782003,27.46,27.41,27.4
2016-04-12 12:33:18.937369,27.46,27.41,27.4
2016-04-12 12:33:19.099544,27.46,27.41,27.4
2016-04-12 12:33:19.254873,27.46,27.41,27.4
2016-04-12 12:33:19.411382,27.46,27.41,27.4
2016-04-12 12:33:19.662164,27.46,27.41,27.4
2016-04-12 12:33:19.817687,27.46,27.41,27.4
2016-04-12 12:33:19.979735,27.46,27.41,27.4
2016-04-12 12:33:20.150479,27.46,27.41,27.4
2016-04-12 12:33:20.321291,27.46,27.41,27.4
2016-04-12 12:33:20.476486,27.46,27.41,27.4
2016-04-12 12:33:20.635641,27.46,27.41,27.4
2016-04-12 12:33:20.796925,27.46,27.41,27.4
2016-04-12 12:33:20.957761,27.46,27.41,27.4
2016-04-12 12:33:21.132696,27.46,27.41,27.4
2016-04-12 12:33:21.285312,27.46,27.41,27.4
2016-04-12 12:33:21.489270,27.46,27.41,27.4
2016-04-12 12:33:21.648398,27.46,27.41,27.4
2016-04-12 12:33:21.806963,27.46,27.41,27.4
2016-04-12 12:33:21.978480,27.46,27.41,27.4
2016-04-12 12:33:22.571095,27.46,27.41,27.4
2016-04-12 12:33:22.722061,27.46,27.41,27.4
2016-04-12 12:33:22.880147,27.46,27.41,27.4
2016-04-12 12:33:23.029873,27.46,27.41,27.4
2016-04-12 12:33:23.192411,27.46,27.41,27.4
2016-04-12 12:33:23.396281,27.46,27.41,27.4
2016-04-12 12:33:23.571152,27.46,27.41,27.4
2016-04-12 12:33:23.722080,27.46,27.41,27.4
2016-04-12 12:33:23.871387,27.46,27.41,27.4
2016-04-12 12:33:24.026282,27.46,27.41,27.4
2016-04-12 12:33:24.181760,27.46,27.41,27.4
2016-04-12 12:33:24.342138,27.46,27.41,27.4
2016-04-12 12:33:24.501621,27.46,27.41,27.4
2016-04-12 12:33:24.653319,27.46,27.41,27.4
2016-04-12 12:33:24.829563,27.46,27.41,27.4
2016-04-12 12:33:25.042436,27.46,27.41,27.4
2016-04-12 12:33:25.195888,27.46,27.41,27.4
2016-04-12 12:33:25.351896,27.46,27.41,27.4
2016-04-12 12:33:25.530732,27.455,27.41,27.4
2016-04-12 12:33:25.689685,27.455,27.41,27.4
2016-04-12 12:33:25.836424,27.455,27.41,27.4
2016-04-12 12:33:26.019394,27.455,27.41,27.4
2016-04-12 12:33:26.169907,27.455,27.41,27.4
2016-04-12 12:33:26.328025,27.455,27.41,27.4
2016-04-12 12:33:26.480396,27.455,27.41,27.4
2016-04-12 12:33:26.636627,27.455,27.41,27.4
2016-04-12 12:33:26.784599,27.455,27.41,27.4
2016-04-12 12:33:26.940263,27.455,27.41,27.4
2016-04-12 12:33:27.091166,27.455,27.41,27.4
2016-04-12 12:33:27.243748,27.455,27.41,27.4
2016-04-12 12:33:27.401532,27.455,27.41,27.4
2016-04-12 12:33:27.567487,27.455,27.41,27.4
2016-04-12 12:33:27.729455,27.455,27.41,27.4
2016-04-12 12:33:27.877893,27.455,27.41,27.4
2016-04-12 12:33:28.104752,27.46,27.41,27.4
2016-04-12 12:33:28.256563,27.46,27.41,27.4
2016-04-12 12:33:28.461168,27.46,27.41,27.4
2016-04-12 12:33:28.620969,27.46,27.41,27.4
2016-04-12 12:33:28.771451,27.46,27.41,27.4
2016-04-12 12:33:28.934079,27.46,27.41,27.4
2016-04-12 12:33:29.096383,27.455,27.41,27.4
2016-04-12 12:33:29.249669,27.455,27.41,27.4
2016-04-12 12:33:29.398225,27.455,27.41,27.4
2016-04-12 12:33:29.550274,27.455,27.41,27.4
2016-04-12 12:33:29.700831,27.455,27.41,27.4
2016-04-12 12:33:29.852086,27.455,27.42,27.41
2016-04-12 12:33:30.006124,27.455,27.42,27.41
2016-04-12 12:33:30.166334,27.455,27.42,27.41
2016-04-12 12:33:30.321311,27.455,27.42,27.41
