time,price,bid,ask
2016-04-12 12:27:50.667942,153.515,153.26,153.19
2016-04-12 12:27:50.881838,153.515,153.26,153.19
2016-04-12 12:27:51.118744,153.515,153.26,153.19
2016-04-12 12:27:51.336652,153.515,153.26,153.19
2016-04-12 12:27:51.541480,153.515,153.26,153.19
2016-04-12 12:27:51.808838,153.515,153.26,153.19
2016-04-12 12:27:52.039031,153.515,153.26,153.19
2016-04-12 12:27:52.237391,153.515,153.26,153.19
2016-04-12 12:27:52.442758,153.515,153.26,153.19
2016-04-12 12:27:52.646519,153.515,153.26,153.19
2016-04-12 12:27:52.859285,153.515,153.26,153.19
2016-04-12 12:27:53.076268,153.515,153.26,153.19
2016-04-12 12:27:53.249981,153.515,153.26,153.19
2016-04-12 12:27:53.449820,153.515,153.26,153.19
2016-04-12 12:27:53.653692,153.515,153.26,153.19
2016-04-12 12:27:53.889566,153.515,153.26,153.19
2016-04-12 12:27:54.108987,153.515,153.26,153.19
2016-04-12 12:27:54.351653,153.515,153.26,153.19
2016-04-12 12:27:54.563908,153.515,153.26,153.19
2016-04-12 12:27:54.778243,153.515,153.26,153.19
2016-04-12 12:27:55.001993,153.515,153.26,153.19
2016-04-12 12:27:55.213734,153.515,153.26,153.19
2016-04-12 12:27:55.441544,153.515,153.26,153.19
2016-04-12 12:27:55.678272,153.515,153.26,153.19
2016-04-12 12:27:55.866926,153.515,153.26,153.19
2016-04-12 12:27:56.056965,153.515,153.26,153.19
2016-04-12 12:27:56.254319,153.515,153.26,153.19
2016-04-12 12:27:56.444217,153.515,153.26,153.19
2016-04-12 12:27:56.626961,153.515,153.26,153.19
2016-04-12 12:27:56.822269,153.515,153.26,153.19
2016-04-12 12:27:57.008005,153.515,153.26,153.19
2016-04-12 12:27:57.199491,153.515,153.26,153.19
2016-04-12 12:27:57.396270,153.515,153.26,153.19
2016-04-12 12:27:57.604492,153.515,153.26,153.19
2016-04-12 12:27:57.782345,153.515,153.26,153.19
2016-04-12 12:27:57.952413,153.515,153.26,153.19
2016-04-12 12:27:58.156591,153.515,153.26,153.19
2016-04-12 12:27:58.353891,153.515,153.26,153.19
2016-04-12 12:27:58.544797,153.515,153.26,153.19
2016-04-12 12:27:59.060569,153.515,153.26,153.19
2016-04-12 12:27:59.262018,153.515,153.26,153.19
2016-04-12 12:27:59.452874,153.515,153.26,153.19
2016-04-12 12:27:59.658520,153.515,153.26,153.19
2016-04-12 12:27:59.843358,153.515,153.26,153.19
2016-04-12 12:28:00.412835,153.515,153.26,153.19
2016-04-12 12:28:00.603105,153.515,153.26,153.19
2016-04-12 12:28:00.808505,153.515,153.26,153.19
2016-04-12 12:28:01.026627,153.515,153.26,153.19
2016-04-12 12:28:01.219629,153.515,153.26,153.19
2016-04-12 12:28:01.750391,153.515,153.26,153.19
2016-04-12 12:28:01.946399,153.515,153.26,153.19
2016-04-12 12:28:02.133023,153.515,153.26,153.19
2016-04-12 12:28:02.341957,153.515,153.26,153.19
2016-04-12 12:28:02.815025,153.515,153.26,153.19
2016-04-12 12:28:03.010978,153.515,153.26,153.19
2016-04-12 12:28:03.531859,153.515,153.26,153.19
2016-04-12 12:28:03.737827,153.515,153.26,153.19
2016-04-12 12:28:04.317586,153.515,153.26,153.19
2016-04-12 12:28:04.497253,153.515,153.26,153.19
2016-04-12 12:28:04.685559,153.515,153.26,153.19
2016-04-12 12:28:04.886090,153.515,153.26,153.19
2016-04-12 12:28:05.432815,153.515,153.26,153.19
2016-04-12 12:28:05.991402,153.515,153.26,153.19
2016-04-12 12:28:06.186518,153.515,153.26,153.19
2016-04-12 12:28:06.798378,153.515,153.26,153.19
2016-04-12 12:28:07.012580,153.515,153.26,153.19
2016-04-12 12:28:07.597387,153.515,153.26,153.19
2016-04-12 12:28:07.907575,153.515,153.26,153.19
2016-04-12 12:28:08.102055,153.515,153.26,153.19
2016-04-12 12:28:08.601061,153.515,153.26,153.19
2016-04-12 12:28:08.871743,153.515,153.26,153.19
2016-04-12 12:28:09.081373,153.515,153.26,153.19
2016-04-12 12:28:09.279654,153.515,153.26,153.19
2016-04-12 12:28:09.532994,153.515,153.26,153.19
2016-04-12 12:28:09.737010,153.505,153.26,153.19
2016-04-12 12:28:09.961276,153.505,153.26,153.19
2016-04-12 12:28:10.220389,153.505,153.26,153.19
2016-04-12 12:28:10.489992,153.505,153.26,153.19
2016-04-12 12:28:10.678747,153.505,153.26,153.19
2016-04-12 12:28:11.198604,153.505,153.26,153.19
2016-04-12 12:28:11.419213,153.505,153.26,153.19
2016-04-12 12:28:11.635427,153.505,153.26,153.19
2016-04-12 12:28:11.837855,153.505,153.26,153.19
2016-04-12 12:28:12.406635,153.505,153.26,153.19
2016-04-12 12:28:12.595013,153.505,153.26,153.19
2016-04-12 12:28:12.791792,153.505,153.26,153.19
2016-04-12 12:28:12.975339,153.505,153.26,153.19
2016-04-12 12:28:13.151922,153.505,153.26,153.19
2016-04-12 12:28:13.380252,153.505,153.26,153.19
2016-04-12 12:28:13.579912,153.505,153.26,153.19
2016-04-12 12:28:13.760433,153.505,153.26,153.19
2016-04-12 12:28:13.950823,153.505,153.26,153.19
2016-04-12 12:28:14.157128,153.505,153.26,153.19
2016-04-12 12:28:14.341876,153.505,153.26,153.19
2016-04-12 12:28:14.560879,153.505,153.26,153.19
2016-04-12 12:28:14.754542,153.505,153.26,153.19
2016-04-12 12:28:14.987961,153.505,153.26,153.19
2016-04-12 12:28:15.181547,153.505,153.26,153.19
2016-04-12 12:28:15.417849,153.49,153.26,153.19
2016-04-12 12:28:16.000652,153.49,153.26,153.19
2016-04-12 12:28:16.179052,153.49,153.26,153.19
2016-04-12 12:28:16.368519,153.49,153.26,153.19
2016-04-12 12:28:16.570855,153.49,153.26,153.19
2016-04-12 12:28:16.788537,153.49,153.26,153.19
2016-04-12 12:28:16.987043,153.49,153.26,153.19
2016-04-12 12:28:17.194154,153.49,153.26,153.19
2016-04-12 12:28:17.519813,153.49,153.26,153.19
2016-04-12 12:28:17.706842,153.49,153.26,153.19
2016-04-12 12:28:17.904851,153.49,153.26,153.19
2016-04-12 12:28:18.114876,153.49,153.26,153.19
2016-04-12 12:28:18.306118,153.49,153.26,153.19
2016-04-12 12:28:18.513909,153.49,153.26,153.19
2016-04-12 12:28:18.725989,153.49,153.26,153.19
2016-04-12 12:28:18.913421,153.49,153.26,153.19
2016-04-12 12:28:19.127889,153.49,153.26,153.19
2016-04-12 12:28:19.448939,153.49,153.26,153.19
2016-04-12 12:28:19.650444,153.49,153.26,153.19
2016-04-12 12:28:19.843751,153.49,153.26,153.19
2016-04-12 12:28:20.028768,153.49,153.26,153.19
2016-04-12 12:28:20.225666,153.49,153.26,153.19
2016-04-12 12:28:20.449462,153.49,153.26,153.19
2016-04-12 12:28:20.631578,153.49,153.26,153.19
2016-04-12 12:28:20.832184,153.49,153.26,153.19
2016-04-12 12:28:21.078360,153.49,153.26,153.19
2016-04-12 12:28:21.290329,153.49,153.26,153.19
2016-04-12 12:28:21.482777,153.49,153.26,153.19
2016-04-12 12:28:21.677953,153.49,153.26,153.19
2016-04-12 12:28:21.905567,153.49,153.26,153.19
2016-04-12 12:28:22.104884,153.49,153.26,153.19
2016-04-12 12:28:22.310354,153.49,153.26,153.19
2016-04-12 12:28:22.535094,153.49,153.26,153.19
2016-04-12 12:28:22.724105,153.49,153.26,153.19
2016-04-12 12:28:22.974043,153.49,153.26,153.19
2016-04-12 12:28:23.208663,153.49,153.26,153.19
2016-04-12 12:28:23.452439,153.49,153.26,153.19
2016-04-12 12:28:23.639443,153.49,153.26,153.19
2016-04-12 12:28:23.841956,153.49,153.26,153.19
2016-04-12 12:28:24.058987,153.49,153.26,153.19
2016-04-12 12:28:24.238853,153.49,153.26,153.19
2016-04-12 12:28:24.555698,153.49,153.26,153.19
2016-04-12 12:28:24.748807,153.49,153.26,153.19
2016-04-12 12:28:25.013570,153.49,153.26,153.19
2016-04-12 12:28:25.202833,153.49,153.26,153.19
2016-04-12 12:28:25.386203,153.49,153.26,153.19
2016-04-12 12:28:25.599262,153.49,153.26,153.19
2016-04-12 12:28:25.828507,153.49,153.26,153.19
2016-04-12 12:28:26.063567,153.49,153.26,153.19
2016-04-12 12:28:26.259120,153.49,153.26,153.19
2016-04-12 12:28:26.498023,153.49,153.26,153.19
2016-04-12 12:28:26.732195,153.49,153.26,153.19
2016-04-12 12:28:26.953452,153.49,153.26,153.19
2016-04-12 12:28:27.167260,153.49,153.26,153.19
2016-04-12 12:28:27.377917,153.49,153.26,153.19
2016-04-12 12:28:27.566442,153.49,153.26,153.19
2016-04-12 12:28:27.790674,153.49,153.26,153.19
2016-04-12 12:28:27.973261,153.49,153.26,153.19
2016-04-12 12:28:28.202539,153.49,153.26,153.19
2016-04-12 12:28:28.393340,153.49,153.26,153.19
2016-04-12 12:28:28.627758,153.49,153.26,153.19
2016-04-12 12:28:28.825357,153.49,153.26,153.19
2016-04-12 12:28:29.094373,153.49,153.26,153.19
2016-04-12 12:28:29.341729,153.49,153.26,153.19
2016-04-12 12:28:29.569532,153.49,153.26,153.19
2016-04-12 12:28:29.821797,153.49,153.26,153.19
2016-04-12 12:28:30.019009,153.49,153.26,153.19
2016-04-12 12:28:30.611281,153.49,153.26,153.19
2016-04-12 12:28:31.246726,153.49,153.26,153.19
2016-04-12 12:28:32.236059,153.49,153.26,153.19
2016-04-12 12:28:33.259689,153.49,153.26,153.19
2016-04-12 12:28:35.389392,153.49,153.26,153.19
2016-04-12 12:28:36.565786,153.49,153.26,153.19
2016-04-12 12:28:38.802083,153.49,153.26,153.19
2016-04-12 12:28:39.977113,153.49,153.26,153.19
2016-04-12 12:28:40.813021,153.49,153.29,153.25
2016-04-12 12:28:41.516013,153.49,153.29,153.25
2016-04-12 12:28:42.064600,153.49,153.29,153.25
2016-04-12 12:28:42.268277,153.49,153.29,153.25
2016-04-12 12:28:42.436867,153.49,153.29,153.25
2016-04-12 12:28:42.676501,153.49,153.29,153.25
2016-04-12 12:28:42.850756,153.49,153.29,153.25
2016-04-12 12:28:43.059352,153.49,153.29,153.25
2016-04-12 12:28:43.259998,153.49,153.29,153.25
2016-04-12 12:28:43.448755,153.49,153.29,153.25
2016-04-12 12:28:43.640387,153.49,153.29,153.25
2016-04-12 12:28:43.867116,153.49,153.29,153.25
2016-04-12 12:28:44.063519,153.49,153.29,153.25
2016-04-12 12:28:44.251354,153.49,153.29,153.25
2016-04-12 12:28:44.433462,153.49,153.32,153.3
2016-04-12 12:28:44.616013,153.49,153.32,153.3
2016-04-12 12:28:44.793422,153.49,153.32,153.3
2016-04-12 12:28:44.974014,153.49,153.32,153.3
2016-04-12 12:28:45.155491,153.49,153.32,153.3
2016-04-12 12:28:45.324462,153.49,153.32,153.3
2016-04-12 12:28:45.502813,153.49,153.32,153.3
2016-04-12 12:28:45.690838,153.49,153.32,153.3
2016-04-12 12:28:45.886911,153.49,153.32,153.3
2016-04-12 12:28:46.078450,153.49,153.32,153.3
2016-04-12 12:28:46.260738,153.49,153.32,153.3
2016-04-12 12:28:46.443955,153.49,153.32,153.3
2016-04-12 12:28:46.636368,153.49,153.32,153.3
2016-04-12 12:28:46.816944,153.49,153.32,153.3
2016-04-12 12:28:46.996107,153.49,153.32,153.3
2016-04-12 12:28:47.170822,153.49,153.32,153.3
2016-04-12 12:28:47.361463,153.49,153.32,153.3
2016-04-12 12:28:47.541247,153.49,153.32,153.3
2016-04-12 12:28:47.707963,153.49,153.32,153.3
2016-04-12 12:28:47.906297,153.49,153.32,153.3
2016-04-12 12:28:48.081067,153.49,153.32,153.3
2016-04-12 12:28:48.250794,153.49,153.32,153.3
2016-04-12 12:28:48.436494,153.49,153.32,153.3
2016-04-12 12:28:48.638031,153.49,153.32,153.3
2016-04-12 12:28:48.809734,153.49,153.32,153.3
2016-04-12 12:28:48.980091,153.49,153.32,153.3
2016-04-12 12:28:49.173725,153.49,153.32,153.3
2016-04-12 12:28:49.359742,153.49,153.32,153.3
2016-04-12 12:28:49.529218,153.49,153.32,153.3
2016-04-12 12:28:49.725217,153.49,153.32,153.3
2016-04-12 12:28:49.909080,153.49,153.32,153.3
2016-04-12 12:28:50.118903,153.49,153.32,153.3
2016-04-12 12:28:50.296617,153.49,153.32,153.3
2016-04-12 12:28:50.488736,153.49,153.32,153.3
2016-04-12 12:28:50.669037,153.49,153.32,153.3
2016-04-12 12:28:50.851612,153.49,153.32,153.3
2016-04-12 12:28:51.041474,153.49,153.32,153.3
2016-04-12 12:28:51.230383,153.49,153.32,153.3
2016-04-12 12:28:51.401133,153.49,153.32,153.3
2016-04-12 12:28:51.573853,153.49,153.32,153.3
2016-04-12 12:28:51.737881,153.49,153.32,153.3
2016-04-12 12:28:52.004605,153.49,153.32,153.3
2016-04-12 12:28:52.242486,153.49,153.32,153.3
2016-04-12 12:28:52.425941,153.49,153.32,153.3
2016-04-12 12:28:52.596610,153.49,153.32,153.3
2016-04-12 12:28:52.774141,153.49,153.32,153.3
2016-04-12 12:28:52.956374,153.49,153.32,153.3
2016-04-12 12:28:53.154787,153.49,153.32,153.3
2016-04-12 12:28:53.355069,153.49,153.32,153.3
2016-04-12 12:28:53.542173,153.49,153.32,153.3
2016-04-12 12:28:53.725860,153.49,153.32,153.3
2016-04-12 12:28:53.895570,153.49,153.32,153.3
2016-04-12 12:28:54.055773,153.49,153.32,153.3
2016-04-12 12:28:54.216693,153.49,153.32,153.3
2016-04-12 12:28:54.383914,153.49,153.32,153.3
2016-04-12 12:28:54.536571,153.49,153.32,153.3
2016-04-12 12:28:54.760898,153.49,153.32,153.3
2016-04-12 12:28:54.944143,153.49,153.32,153.3
2016-04-12 12:28:55.107794,153.49,153.32,153.3
2016-04-12 12:28:55.302518,153.49,153.32,153.3
2016-04-12 12:28:55.488743,153.49,153.32,153.3
2016-04-12 12:28:55.677482,153.49,153.32,153.3
2016-04-12 12:28:55.844211,153.49,153.32,153.3
2016-04-12 12:28:56.006847,153.49,153.32,153.3
2016-04-12 12:28:56.163845,153.49,153.32,153.3
2016-04-12 12:28:56.316373,153.49,153.32,153.3
2016-04-12 12:28:56.516225,153.49,153.32,153.3
2016-04-12 12:28:56.694508,153.49,153.32,153.3
2016-04-12 12:28:56.857407,153.49,153.32,153.3
2016-04-12 12:28:57.025168,153.49,153.32,153.3
2016-04-12 12:28:57.192006,153.49,153.32,153.3
2016-04-12 12:28:57.355406,153.49,153.32,153.3
2016-04-12 12:28:57.525983,153.49,153.32,153.3
2016-04-12 12:28:57.685632,153.49,153.32,153.3
2016-04-12 12:28:57.852986,153.49,153.32,153.3
2016-04-12 12:28:58.010219,153.49,153.32,153.3
2016-04-12 12:28:58.185833,153.49,153.32,153.3
2016-04-12 12:28:58.351548,153.49,153.32,153.3
2016-04-12 12:28:58.527311,153.49,153.32,153.3
2016-04-12 12:28:58.704630,153.49,153.32,153.3
2016-04-12 12:28:59.168949,153.49,153.32,153.3
2016-04-12 12:28:59.325188,153.49,153.32,153.3
2016-04-12 12:28:59.483885,153.49,153.32,153.3
2016-04-12 12:28:59.652695,153.49,153.32,153.3
2016-04-12 12:28:59.811178,153.49,153.32,153.3
2016-04-12 12:28:59.972696,153.49,153.32,153.3
2016-04-12 12:29:00.526061,153.49,153.32,153.3
2016-04-12 12:29:00.678269,153.49,153.32,153.3
2016-04-12 12:29:00.834493,153.49,153.32,153.3
2016-04-12 12:29:00.991488,153.49,153.32,153.3
2016-04-12 12:29:01.149441,153.49,153.32,153.3
2016-04-12 12:29:01.299920,153.49,153.32,153.3
2016-04-12 12:29:01.786414,153.49,153.32,153.3
2016-04-12 12:29:01.946103,153.49,153.32,153.3
2016-04-12 12:29:02.109728,153.49,153.32,153.3
2016-04-12 12:29:02.268746,153.49,153.32,153.3
2016-04-12 12:29:02.427572,153.49,153.32,153.3
2016-04-12 12:29:02.991399,153.49,153.32,153.3
2016-04-12 12:29:03.198647,153.49,153.32,153.3
2016-04-12 12:29:03.789538,153.49,153.32,153.3
2016-04-12 12:29:04.310494,153.49,153.32,153.3
2016-04-12 12:29:04.920354,153.49,153.32,153.3
2016-04-12 12:29:05.102416,153.49,153.32,153.3
2016-04-12 12:29:05.279258,153.49,153.32,153.3
2016-04-12 12:29:05.445600,153.49,153.32,153.3
2016-04-12 12:29:05.910513,153.49,153.32,153.3
2016-04-12 12:29:06.360238,153.49,153.32,153.3
2016-04-12 12:29:06.815324,153.49,153.32,153.3
2016-04-12 12:29:07.011360,153.49,153.32,153.3
2016-04-12 12:29:07.185098,153.49,153.32,153.3
2016-04-12 12:29:07.689633,153.49,153.32,153.3
2016-04-12 12:29:07.873112,153.49,153.32,153.3
2016-04-12 12:29:08.048807,153.49,153.32,153.3
2016-04-12 12:29:08.208955,153.49,153.32,153.3
2016-04-12 12:29:08.827766,153.49,153.32,153.3
2016-04-12 12:29:09.325558,153.49,153.32,153.3
2016-04-12 12:29:09.873296,153.49,153.32,153.3
2016-04-12 12:29:10.054871,153.49,153.32,153.3
2016-04-12 12:29:10.558500,153.49,153.32,153.3
2016-04-12 12:29:10.722657,153.49,153.32,153.3
2016-04-12 12:29:11.280930,153.49,153.32,153.3
2016-04-12 12:29:11.782293,153.49,153.32,153.3
2016-04-12 12:29:11.947032,153.49,153.32,153.3
2016-04-12 12:29:12.401752,153.49,153.32,153.3
2016-04-12 12:29:12.571903,153.49,153.32,153.3
2016-04-12 12:29:13.034881,153.49,153.32,153.3
2016-04-12 12:29:13.518302,153.49,153.32,153.3
2016-04-12 12:29:13.673879,153.49,153.32,153.3
2016-04-12 12:29:13.843312,153.49,153.32,153.3
2016-04-12 12:29:14.420721,153.49,153.32,153.3
2016-04-12 12:29:14.571978,153.49,153.32,153.3
2016-04-12 12:29:14.734463,153.49,153.32,153.3
2016-04-12 12:29:14.888988,153.49,153.32,153.3
2016-04-12 12:29:15.046411,153.49,153.32,153.3
2016-04-12 12:29:15.197452,153.49,153.32,153.3
2016-04-12 12:29:15.356670,153.49,153.32,153.3
2016-04-12 12:29:15.518656,153.49,153.32,153.3
2016-04-12 12:29:15.691037,153.49,153.32,153.3
2016-04-12 12:29:15.849314,153.49,153.32,153.3
2016-04-12 12:29:16.022093,153.49,153.32,153.3
2016-04-12 12:29:16.191902,153.49,153.32,153.3
2016-04-12 12:29:16.376590,153.49,153.32,153.3
2016-04-12 12:29:16.535560,153.49,153.32,153.3
2016-04-12 12:29:16.706028,153.49,153.32,153.3
2016-04-12 12:29:17.047377,153.49,153.32,153.3
2016-04-12 12:29:17.207755,153.49,153.32,153.3
2016-04-12 12:29:17.359629,153.49,153.32,153.3
2016-04-12 12:29:17.513615,153.49,153.32,153.3
2016-04-12 12:29:17.665754,153.49,153.32,153.3
2016-04-12 12:29:17.822145,153.49,153.32,153.3
2016-04-12 12:29:17.976175,153.49,153.32,153.3
2016-04-12 12:29:18.205165,153.49,153.32,153.3
2016-04-12 12:29:18.376755,153.49,153.32,153.3
2016-04-12 12:29:18.680613,153.49,153.32,153.3
2016-04-12 12:29:18.844817,153.49,153.32,153.3
2016-04-12 12:29:19.010372,153.49,153.32,153.3
2016-04-12 12:29:19.183352,153.49,153.32,153.3
2016-04-12 12:29:19.348320,153.49,153.32,153.3
2016-04-12 12:29:19.523215,153.49,153.32,153.3
2016-04-12 12:29:19.690596,153.49,153.32,153.3
2016-04-12 12:29:19.872033,153.49,153.32,153.3
2016-04-12 12:29:20.037611,153.49,153.32,153.3
2016-04-12 12:29:20.197739,153.49,153.32,153.3
2016-04-12 12:29:20.344626,153.49,153.32,153.3
2016-04-12 12:29:20.509370,153.49,153.32,153.3
2016-04-12 12:29:20.662683,153.49,153.32,153.3
2016-04-12 12:29:20.847164,153.49,153.32,153.3
2016-04-12 12:29:21.011103,153.49,153.32,153.3
2016-04-12 12:29:21.160003,153.49,153.32,153.3
2016-04-12 12:29:21.316691,153.49,153.32,153.3
2016-04-12 12:29:21.488681,153.49,153.32,153.3
2016-04-12 12:29:21.656832,153.49,153.32,153.3
2016-04-12 12:29:21.809422,153.49,153.32,153.3
2016-04-12 12:29:21.962425,153.49,153.32,153.3
2016-04-12 12:29:22.118665,153.49,153.32,153.3
2016-04-12 12:29:22.272892,153.49,153.32,153.3
2016-04-12 12:29:22.512409,153.49,153.32,153.3
2016-04-12 12:29:22.679875,153.49,153.32,153.3
2016-04-12 12:29:22.864665,153.49,153.32,153.3
2016-04-12 12:29:23.028691,153.49,153.32,153.3
2016-04-12 12:29:23.185745,153.49,153.32,153.3
2016-04-12 12:29:23.368617,153.49,153.32,153.3
2016-04-12 12:29:23.521309,153.49,153.32,153.3
2016-04-12 12:29:23.681606,153.49,153.32,153.3
2016-04-12 12:29:23.846306,153.49,153.32,153.3
2016-04-12 12:29:24.045282,153.49,153.32,153.3
2016-04-12 12:29:24.203463,153.49,153.32,153.3
2016-04-12 12:29:24.776761,153.49,153.32,153.3
2016-04-12 12:29:24.938967,153.49,153.32,153.3
2016-04-12 12:29:25.097363,153.49,153.32,153.3
2016-04-12 12:29:25.248449,153.49,153.32,153.3
2016-04-12 12:29:25.422288,153.49,153.32,153.3
2016-04-12 12:29:25.588637,153.49,153.32,153.3
2016-04-12 12:29:25.745188,153.49,153.32,153.3
2016-04-12 12:29:25.904613,153.49,153.32,153.3
2016-04-12 12:29:26.062400,153.49,153.32,153.3
2016-04-12 12:29:26.223915,153.49,153.32,153.3
2016-04-12 12:29:26.407348,153.49,153.32,153.3
2016-04-12 12:29:26.570822,153.49,153.32,153.3
2016-04-12 12:29:26.734445,153.49,153.32,153.3
2016-04-12 12:29:26.895114,153.49,153.32,153.3
2016-04-12 12:29:27.052496,153.49,153.32,153.3
2016-04-12 12:29:27.222025,153.49,153.32,153.3
2016-04-12 12:29:27.389228,153.49,153.32,153.3
2016-04-12 12:29:27.552114,153.49,153.32,153.3
2016-04-12 12:29:27.717284,153.49,153.32,153.3
2016-04-12 12:29:27.875826,153.49,153.32,153.3
2016-04-12 12:29:28.041125,153.49,153.32,153.3
2016-04-12 12:29:28.204763,153.49,153.32,153.3
2016-04-12 12:29:28.367045,153.49,153.32,153.3
2016-04-12 12:29:28.527599,153.49,153.32,153.3
2016-04-12 12:29:28.684717,153.49,153.32,153.3
2016-04-12 12:29:28.848945,153.49,153.32,153.3
2016-04-12 12:29:29.004009,153.49,153.32,153.3
2016-04-12 12:29:29.167421,153.49,153.32,153.3
2016-04-12 12:29:29.332971,153.49,153.32,153.3
2016-04-12 12:29:29.494710,153.49,153.32,153.3
2016-04-12 12:29:29.649437,153.49,153.32,153.3
2016-04-12 12:29:29.815867,153.49,153.32,153.3
2016-04-12 12:29:29.979232,153.49,153.32,153.3
2016-04-12 12:29:30.136400,153.49,153.32,153.3
2016-04-12 12:29:30.297382,153.49,153.32,153.3
2016-04-12 12:29:30.463675,153.49,153.32,153.3
2016-04-12 12:29:30.621590,153.49,153.32,153.3
2016-04-12 12:29:30.784918,153.49,153.32,153.3
2016-04-12 12:29:30.939628,153.49,153.32,153.3
2016-04-12 12:29:31.101731,153.49,153.32,153.3
2016-04-12 12:29:31.287694,153.49,153.32,153.3
2016-04-12 12:29:31.458926,153.49,153.32,153.3
2016-04-12 12:29:31.630025,153.49,153.32,153.3
2016-04-12 12:29:31.784267,153.49,153.32,153.3
2016-04-12 12:29:31.956023,153.49,153.32,153.3
2016-04-12 12:29:32.115195,153.49,153.32,153.3
2016-04-12 12:29:32.281070,153.49,153.32,153.3
2016-04-12 12:29:32.450670,153.49,153.32,153.3
2016-04-12 12:29:32.604717,153.49,153.32,153.3
2016-04-12 12:29:32.776511,153.49,153.32,153.3
2016-04-12 12:29:32.940187,153.49,153.32,153.3
2016-04-12 12:29:33.103766,153.49,153.32,153.3
2016-04-12 12:29:33.265589,153.49,153.32,153.3
2016-04-12 12:29:33.426039,153.49,153.32,153.3
2016-04-12 12:29:33.582997,153.49,153.32,153.3
2016-04-12 12:29:33.900070,153.49,153.32,153.3
2016-04-12 12:29:34.055182,153.49,153.32,153.3
2016-04-12 12:29:34.218351,153.49,153.32,153.3
2016-04-12 12:29:34.391092,153.49,153.32,153.3
2016-04-12 12:29:34.557525,153.49,153.32,153.3
2016-04-12 12:29:34.723509,153.49,153.32,153.3
2016-04-12 12:29:34.885888,153.49,153.32,153.3
2016-04-12 12:29:35.044269,153.49,153.32,153.3
2016-04-12 12:29:35.199565,153.49,153.32,153.3
2016-04-12 12:29:35.351465,153.49,153.32,153.3
2016-04-12 12:29:35.505894,153.49,153.32,153.3
2016-04-12 12:29:35.663436,153.49,153.32,153.3
2016-04-12 12:29:35.828584,153.49,153.32,153.3
2016-04-12 12:29:35.986769,153.49,153.32,153.3
2016-04-12 12:29:36.140556,153.49,153.32,153.3
2016-04-12 12:29:36.301954,153.49,153.32,153.3
2016-04-12 12:29:36.455950,153.49,153.32,153.3
2016-04-12 12:29:36.619115,153.49,153.32,153.3
2016-04-12 12:29:36.778359,153.49,153.32,153.3
2016-04-12 12:29:36.953208,153.49,153.32,153.3
2016-04-12 12:29:37.110950,153.49,153.32,153.3
2016-04-12 12:29:37.270011,153.49,153.32,153.3
2016-04-12 12:29:37.430830,153.49,153.32,153.3
2016-04-12 12:29:37.592295,153.49,153.32,153.3
2016-04-12 12:29:37.744172,153.49,153.32,153.3
2016-04-12 12:29:37.902037,153.49,153.32,153.3
2016-04-12 12:29:38.060133,153.49,153.32,153.3
2016-04-12 12:29:38.216574,153.49,153.32,153.3
2016-04-12 12:29:38.371570,153.49,153.34,153.3
2016-04-12 12:29:38.540269,153.49,153.34,153.3
2016-04-12 12:29:38.710393,153.49,153.34,153.3
2016-04-12 12:29:38.873611,153.49,153.34,153.3
2016-04-12 12:29:39.030339,153.49,153.34,153.3
2016-04-12 12:29:39.204021,153.49,153.34,153.3
2016-04-12 12:29:39.353425,153.49,153.34,153.3
2016-04-12 12:29:39.510089,153.49,153.34,153.3
2016-04-12 12:29:39.666156,153.49,153.34,153.3
2016-04-12 12:29:39.822982,153.49,153.34,153.3
2016-04-12 12:29:39.982234,153.49,153.34,153.3
2016-04-12 12:29:40.141940,153.49,153.34,153.3
2016-04-12 12:29:40.306771,153.49,153.34,153.3
2016-04-12 12:29:40.473566,153.49,153.34,153.3
2016-04-12 12:29:40.631750,153.49,153.34,153.3
2016-04-12 12:29:40.802166,153.49,153.34,153.3
2016-04-12 12:29:40.959029,153.49,153.34,153.3
2016-04-12 12:29:41.126942,153.49,153.34,153.3
2016-04-12 12:29:41.286267,153.49,153.34,153.3
2016-04-12 12:29:41.455696,153.49,153.34,153.3
2016-04-12 12:29:41.616058,153.49,153.34,153.3
2016-04-12 12:29:41.785264,153.49,153.34,153.3
2016-04-12 12:29:41.949852,153.49,153.34,153.3
2016-04-12 12:29:42.111105,153.49,153.34,153.3
2016-04-12 12:29:42.275494,153.49,153.34,153.3
2016-04-12 12:29:42.439856,153.49,153.34,153.3
2016-04-12 12:29:42.597373,153.49,153.34,153.3
2016-04-12 12:29:42.761616,153.49,153.34,153.3
2016-04-12 12:29:42.923691,153.49,153.34,153.3
2016-04-12 12:29:43.084742,153.49,153.34,153.3
2016-04-12 12:29:43.249322,153.49,153.34,153.3
2016-04-12 12:29:43.409018,153.49,153.34,153.3
2016-04-12 12:29:43.570782,153.49,153.34,153.3
2016-04-12 12:29:43.727695,153.49,153.34,153.3
2016-04-12 12:29:43.880611,153.49,153.34,153.3
2016-04-12 12:29:44.034095,153.49,153.34,153.3
2016-04-12 12:29:44.190625,153.49,153.34,153.3
2016-04-12 12:29:44.346939,153.49,153.34,153.3
2016-04-12 12:29:44.504443,153.49,153.34,153.3
2016-04-12 12:29:44.662730,153.49,153.34,153.3
2016-04-12 12:29:44.821625,153.49,153.34,153.3
2016-04-12 12:29:44.981091,153.49,153.34,153.3
2016-04-12 12:29:45.135012,153.49,153.34,153.3
2016-04-12 12:29:45.288597,153.49,153.34,153.3
2016-04-12 12:29:45.443096,153.49,153.34,153.3
2016-04-12 12:29:45.603742,153.49,153.34,153.3
2016-04-12 12:29:45.777722,153.49,153.34,153.3
2016-04-12 12:29:45.930942,153.49,153.34,153.3
2016-04-12 12:29:46.089180,153.49,153.34,153.3
2016-04-12 12:29:46.243214,153.49,153.34,153.3
2016-04-12 12:29:46.403765,153.49,153.34,153.3
2016-04-12 12:29:46.956885,153.49,153.34,153.3
2016-04-12 12:29:47.536897,153.49,153.34,153.3
2016-04-12 12:29:47.696169,153.49,153.34,153.3
2016-04-12 12:29:47.851805,153.49,153.34,153.3
2016-04-12 12:29:48.009052,153.49,153.34,153.3
2016-04-12 12:29:48.159991,153.49,153.34,153.3
2016-04-12 12:29:48.315849,153.49,153.34,153.3
2016-04-12 12:29:48.502986,153.49,153.34,153.3
2016-04-12 12:29:48.662917,153.49,153.34,153.3
2016-04-12 12:29:48.820675,153.49,153.34,153.3
2016-04-12 12:29:48.975644,153.49,153.34,153.3
2016-04-12 12:29:49.135861,153.49,153.34,153.3
2016-04-12 12:29:49.322069,153.49,153.34,153.3
2016-04-12 12:29:49.494285,153.49,153.34,153.3
2016-04-12 12:29:49.660443,153.49,153.34,153.3
2016-04-12 12:29:49.818590,153.49,153.34,153.3
2016-04-12 12:29:49.974125,153.49,153.34,153.3
2016-04-12 12:29:50.135321,153.49,153.34,153.3
2016-04-12 12:29:50.293141,153.49,153.34,153.3
2016-04-12 12:29:50.452789,153.49,153.34,153.3
2016-04-12 12:29:50.614354,153.49,153.34,153.3
2016-04-12 12:29:50.773723,153.49,153.34,153.3
2016-04-12 12:29:50.929856,153.49,153.34,153.3
2016-04-12 12:29:51.085599,153.49,153.34,153.3
2016-04-12 12:29:51.241924,153.49,153.34,153.3
2016-04-12 12:29:51.393900,153.49,153.34,153.3
2016-04-12 12:29:51.550534,153.49,153.34,153.3
2016-04-12 12:29:51.767109,153.49,153.34,153.3
2016-04-12 12:29:51.922302,153.49,153.34,153.3
2016-04-12 12:29:52.104907,153.49,153.34,153.3
2016-04-12 12:29:52.264251,153.49,153.34,153.3
2016-04-12 12:29:52.416657,153.49,153.34,153.3
2016-04-12 12:29:52.572711,153.49,153.34,153.3
2016-04-12 12:29:52.721292,153.49,153.34,153.3
2016-04-12 12:29:52.876534,153.49,153.34,153.3
2016-04-12 12:29:53.112144,153.49,153.34,153.3
2016-04-12 12:29:53.272154,153.49,153.34,153.3
2016-04-12 12:29:53.427256,153.49,153.34,153.3
2016-04-12 12:29:53.584363,153.49,153.34,153.3
2016-04-12 12:29:53.737433,153.49,153.34,153.3
2016-04-12 12:29:53.897174,153.49,153.34,153.3
2016-04-12 12:29:54.049969,153.49,153.34,153.3
2016-04-12 12:29:54.205620,153.49,153.34,153.3
2016-04-12 12:29:54.362569,153.49,153.34,153.3
2016-04-12 12:29:54.526104,153.49,153.34,153.3
2016-04-12 12:29:54.683205,153.49,153.34,153.3
2016-04-12 12:29:54.839299,153.49,153.34,153.3
2016-04-12 12:29:54.994293,153.49,153.34,153.3
2016-04-12 12:29:55.151434,153.49,153.34,153.3
2016-04-12 12:29:55.374207,153.49,153.34,153.3
2016-04-12 12:29:55.531858,153.49,153.34,153.3
2016-04-12 12:29:55.693940,153.49,153.34,153.3
2016-04-12 12:29:55.852111,153.49,153.34,153.3
2016-04-12 12:29:56.005542,153.49,153.34,153.3
2016-04-12 12:29:56.160495,153.49,153.34,153.3
2016-04-12 12:29:56.314392,153.49,153.34,153.3
2016-04-12 12:29:56.480324,153.49,153.34,153.3
2016-04-12 12:29:56.639683,153.49,153.34,153.3
2016-04-12 12:29:56.790701,153.49,153.34,153.3
2016-04-12 12:29:56.948311,153.49,153.34,153.3
2016-04-12 12:29:57.106259,153.49,153.34,153.3
2016-04-12 12:29:57.272772,153.49,153.34,153.3
2016-04-12 12:29:57.429086,153.49,153.34,153.3
2016-04-12 12:29:57.589780,153.49,153.34,153.3
2016-04-12 12:29:57.744269,153.49,153.34,153.3
2016-04-12 12:29:57.907120,153.49,153.34,153.3
2016-04-12 12:29:58.061705,153.49,153.34,153.3
2016-04-12 12:29:58.218935,153.49,153.34,153.3
2016-04-12 12:29:58.373725,153.49,153.34,153.3
2016-04-12 12:29:58.528441,153.49,153.34,153.3
2016-04-12 12:29:58.707705,153.49,153.34,153.3
2016-04-12 12:29:58.872516,153.49,153.34,153.3
2016-04-12 12:29:59.399111,153.49,153.34,153.3
2016-04-12 12:29:59.555917,153.49,153.34,153.3
2016-04-12 12:29:59.724461,153.49,153.34,153.3
2016-04-12 12:29:59.882899,153.49,153.34,153.3
2016-04-12 12:30:00.041074,153.49,153.34,153.3
2016-04-12 12:30:00.524555,153.49,153.34,153.3
2016-04-12 12:30:00.683162,153.49,153.34,153.3
2016-04-12 12:30:00.897272,153.49,153.34,153.3
2016-04-12 12:30:01.053671,153.49,153.34,153.3
2016-04-12 12:30:01.231625,153.49,153.34,153.3
2016-04-12 12:30:01.391136,153.49,153.34,153.3
2016-04-12 12:30:01.971487,153.49,153.34,153.3
2016-04-12 12:30:02.135651,153.49,153.34,153.3
2016-04-12 12:30:02.300766,153.49,153.34,153.3
2016-04-12 12:30:02.468141,153.49,153.34,153.3
2016-04-12 12:30:03.090568,153.49,153.34,153.3
2016-04-12 12:30:03.247609,153.49,153.34,153.3
2016-04-12 12:30:03.702489,153.49,153.34,153.3
2016-04-12 12:30:03.864972,153.49,153.34,153.3
2016-04-12 12:30:04.420312,153.49,153.34,153.3
2016-04-12 12:30:04.935066,153.49,153.34,153.3
2016-04-12 12:30:05.100900,153.49,153.34,153.3
2016-04-12 12:30:05.275884,153.49,153.34,153.3
2016-04-12 12:30:05.484918,153.49,153.34,153.3
2016-04-12 12:30:05.956813,153.49,153.34,153.3
2016-04-12 12:30:06.576426,153.49,153.34,153.3
2016-04-12 12:30:07.187420,153.49,153.34,153.3
2016-04-12 12:30:07.341585,153.49,153.34,153.3
2016-04-12 12:30:07.900072,153.49,153.34,153.3
2016-04-12 12:30:08.055619,153.49,153.34,153.3
2016-04-12 12:30:08.249770,153.49,153.34,153.3
2016-04-12 12:30:08.827126,153.49,153.34,153.3
2016-04-12 12:30:09.434159,153.49,153.34,153.3
2016-04-12 12:30:09.947382,153.49,153.34,153.3
2016-04-12 12:30:10.103509,153.49,153.34,153.3
2016-04-12 12:30:10.669613,153.49,153.34,153.3
2016-04-12 12:30:10.856344,153.49,153.34,153.3
2016-04-12 12:30:11.379054,153.49,153.34,153.3
2016-04-12 12:30:12.019900,153.52,153.34,153.3
2016-04-12 12:30:12.514948,153.52,153.34,153.3
2016-04-12 12:30:12.691260,153.52,153.34,153.3
2016-04-12 12:30:13.328773,153.52,153.34,153.3
2016-04-12 12:30:13.842023,153.52,153.34,153.3
2016-04-12 12:30:13.999463,153.52,153.34,153.3
2016-04-12 12:30:14.160059,153.52,153.34,153.3
2016-04-12 12:30:14.326281,153.54,153.34,153.3
2016-04-12 12:30:14.513380,153.54,153.34,153.3
2016-04-12 12:30:14.689923,153.54,153.34,153.3
2016-04-12 12:30:14.857520,153.54,153.34,153.3
2016-04-12 12:30:15.011785,153.54,153.34,153.3
2016-04-12 12:30:15.166840,153.54,153.34,153.3
2016-04-12 12:30:15.329470,153.54,153.34,153.3
2016-04-12 12:30:15.860581,153.54,153.34,153.3
2016-04-12 12:30:16.017604,153.54,153.34,153.3
2016-04-12 12:30:16.183861,153.54,153.34,153.3
2016-04-12 12:30:16.345807,153.54,153.34,153.3
2016-04-12 12:30:16.502957,153.54,153.34,153.3
2016-04-12 12:30:16.669845,153.54,153.34,153.3
2016-04-12 12:30:16.825610,153.54,153.34,153.3
2016-04-12 12:30:17.060008,153.54,153.34,153.3
2016-04-12 12:30:17.230428,153.54,153.34,153.3
2016-04-12 12:30:17.398309,153.54,153.34,153.3
2016-04-12 12:30:17.578607,153.54,153.34,153.3
2016-04-12 12:30:17.736945,153.54,153.34,153.3
2016-04-12 12:30:17.897726,153.54,153.34,153.3
2016-04-12 12:30:18.058131,153.54,153.34,153.3
2016-04-12 12:30:18.208901,153.54,153.34,153.3
2016-04-12 12:30:18.369801,153.54,153.34,153.3
2016-04-12 12:30:18.529382,153.54,153.34,153.3
2016-04-12 12:30:18.689368,153.54,153.34,153.3
2016-04-12 12:30:18.842426,153.54,153.34,153.3
2016-04-12 12:30:19.001697,153.54,153.34,153.3
2016-04-12 12:30:19.149108,153.54,153.34,153.3
2016-04-12 12:30:19.347752,153.54,153.34,153.3
2016-04-12 12:30:19.511739,153.54,153.34,153.3
2016-04-12 12:30:19.669953,153.54,153.34,153.3
2016-04-12 12:30:19.825117,153.54,153.34,153.3
2016-04-12 12:30:19.976678,153.54,153.34,153.3
2016-04-12 12:30:20.131714,153.54,153.34,153.3
2016-04-12 12:30:20.286229,153.54,153.34,153.3
2016-04-12 12:30:20.470491,153.535,153.34,153.3
2016-04-12 12:30:20.639755,153.535,153.34,153.3
2016-04-12 12:30:20.814910,153.55,153.34,153.3
2016-04-12 12:30:20.976977,153.55,153.34,153.3
2016-04-12 12:30:21.139323,153.55,153.34,153.3
2016-04-12 12:30:21.324230,153.55,153.34,153.3
2016-04-12 12:30:21.477440,153.55,153.34,153.3
2016-04-12 12:30:21.631924,153.55,153.34,153.3
2016-04-12 12:30:21.795033,153.55,153.34,153.3
2016-04-12 12:30:21.948147,153.55,153.34,153.3
2016-04-12 12:30:22.104048,153.55,153.34,153.3
2016-04-12 12:30:22.255847,153.55,153.34,153.3
2016-04-12 12:30:22.420977,153.55,153.34,153.3
2016-04-12 12:30:22.577852,153.55,153.34,153.3
2016-04-12 12:30:22.736077,153.55,153.34,153.3
2016-04-12 12:30:22.912938,153.55,153.34,153.3
2016-04-12 12:30:23.062987,153.55,153.34,153.3
2016-04-12 12:30:23.214076,153.55,153.34,153.3
2016-04-12 12:30:23.360601,153.55,153.34,153.3
2016-04-12 12:30:23.524205,153.55,153.34,153.3
2016-04-12 12:30:23.688423,153.55,153.34,153.3
2016-04-12 12:30:23.855629,153.55,153.34,153.3
2016-04-12 12:30:24.017541,153.55,153.34,153.3
2016-04-12 12:30:24.174808,153.55,153.34,153.3
2016-04-12 12:30:24.326878,153.55,153.34,153.3
2016-04-12 12:30:24.484021,153.5599,153.34,153.3
2016-04-12 12:30:24.649057,153.5599,153.34,153.3
2016-04-12 12:30:24.802239,153.5599,153.34,153.3
2016-04-12 12:30:24.968238,153.5599,153.34,153.3
2016-04-12 12:30:25.226383,153.5599,153.34,153.3
2016-04-12 12:30:25.385914,153.5599,153.34,153.3
2016-04-12 12:30:25.546550,153.5599,153.34,153.3
2016-04-12 12:30:25.704694,153.5599,153.34,153.3
2016-04-12 12:30:25.860376,153.5599,153.34,153.3
2016-04-12 12:30:26.040298,153.5599,153.34,153.3
2016-04-12 12:30:26.194323,153.5599,153.34,153.3
2016-04-12 12:30:26.359900,153.5599,153.34,153.3
2016-04-12 12:30:26.510959,153.5599,153.34,153.3
2016-04-12 12:30:26.700600,153.5599,153.34,153.3
2016-04-12 12:30:26.851136,153.5599,153.34,153.3
2016-04-12 12:30:27.011932,153.5599,153.34,153.3
2016-04-12 12:30:27.163459,153.5599,153.34,153.3
2016-04-12 12:30:27.315458,153.5599,153.34,153.3
2016-04-12 12:30:27.490191,153.5599,153.34,153.3
2016-04-12 12:30:27.648343,153.5599,153.34,153.3
2016-04-12 12:30:27.806973,153.5599,153.34,153.3
2016-04-12 12:30:27.967402,153.5599,153.34,153.3
2016-04-12 12:30:28.127253,153.5599,153.34,153.3
2016-04-12 12:30:28.284892,153.5599,153.34,153.3
2016-04-12 12:30:28.507252,153.5599,153.34,153.3
2016-04-12 12:30:28.657211,153.5599,153.34,153.3
2016-04-12 12:30:28.809305,153.5599,153.34,153.3
2016-04-12 12:30:28.971673,153.5599,153.34,153.3
2016-04-12 12:30:29.139437,153.5599,153.34,153.3
2016-04-12 12:30:29.324113,153.5599,153.34,153.3
2016-04-12 12:30:29.640567,153.5599,153.34,153.3
2016-04-12 12:30:30.256771,153.5599,153.34,153.3
2016-04-12 12:30:30.723405,153.5599,153.34,153.3
2016-04-12 12:30:31.573784,153.5599,153.34,153.3
2016-04-12 12:30:32.368197,153.5599,153.34,153.3
2016-04-12 12:30:32.908729,153.5599,153.34,153.3
2016-04-12 12:30:33.587755,153.5599,153.34,153.3
2016-04-12 12:30:34.254851,153.5599,153.34,153.3
2016-04-12 12:30:34.805212,153.5599,153.34,153.3
2016-04-12 12:30:35.444187,153.5599,153.34,153.3
2016-04-12 12:30:36.101264,153.5599,153.34,153.3
2016-04-12 12:30:36.643602,153.5599,153.34,153.3
2016-04-12 12:30:37.350687,153.5599,153.34,153.3
2016-04-12 12:30:37.515363,153.56,153.34,153.3
2016-04-12 12:30:37.682363,153.55,153.34,153.3
2016-04-12 12:30:37.830629,153.55,153.34,153.3
2016-04-12 12:30:37.980973,153.55,153.34,153.3
2016-04-12 12:30:38.141342,153.55,153.34,153.3
2016-04-12 12:30:38.307961,153.55,153.3,153.23
2016-04-12 12:30:38.469361,153.55,153.3,153.23
2016-04-12 12:30:38.633148,153.55,153.3,153.23
2016-04-12 12:30:38.804428,153.55,153.3,153.23
2016-04-12 12:30:38.979493,153.55,153.3,153.23
2016-04-12 12:30:39.128478,153.55,153.3,153.23
2016-04-12 12:30:39.307376,153.55,153.3,153.23
2016-04-12 12:30:39.567180,153.55,153.3,153.23
2016-04-12 12:30:39.723933,153.55,153.3,153.23
2016-04-12 12:30:40.052900,153.55,153.3,153.23
2016-04-12 12:30:40.221502,153.55,153.3,153.23
2016-04-12 12:30:40.383152,153.55,153.3,153.23
2016-04-12 12:30:40.550817,153.55,153.3,153.23
2016-04-12 12:30:40.722351,153.55,153.3,153.23
2016-04-12 12:30:40.876841,153.54,153.3,153.23
2016-04-12 12:30:41.038032,153.55,153.3,153.23
2016-04-12 12:30:41.219261,153.55,153.3,153.23
2016-04-12 12:30:41.378708,153.55,153.3,153.23
2016-04-12 12:30:41.531321,153.55,153.3,153.23
2016-04-12 12:30:41.692464,153.55,153.3,153.23
2016-04-12 12:30:41.850002,153.55,153.3,153.23
2016-04-12 12:30:42.025352,153.55,153.3,153.23
2016-04-12 12:30:42.190406,153.55,153.3,153.23
2016-04-12 12:30:42.355611,153.55,153.3,153.23
2016-04-12 12:30:42.525912,153.55,153.3,153.23
2016-04-12 12:30:42.692385,153.55,153.3,153.23
2016-04-12 12:30:42.870180,153.55,153.3,153.23
2016-04-12 12:30:43.034845,153.55,153.3,153.23
2016-04-12 12:30:43.207123,153.55,153.3,153.23
2016-04-12 12:30:43.385195,153.55,153.3,153.23
2016-04-12 12:30:43.594374,153.55,153.3,153.23
2016-04-12 12:30:43.765741,153.55,153.3,153.23
2016-04-12 12:30:43.930849,153.55,153.33,153.29
2016-04-12 12:30:44.114926,153.55,153.33,153.29
2016-04-12 12:30:44.269859,153.55,153.33,153.29
2016-04-12 12:30:44.415840,153.55,153.33,153.29
2016-04-12 12:30:44.582075,153.55,153.33,153.29
2016-04-12 12:30:44.731297,153.55,153.33,153.29
2016-04-12 12:30:44.894672,153.55,153.33,153.29
2016-04-12 12:30:45.057845,153.55,153.33,153.29
2016-04-12 12:30:45.205667,153.55,153.33,153.29
2016-04-12 12:30:45.355386,153.55,153.33,153.29
2016-04-12 12:30:45.510652,153.55,153.33,153.29
2016-04-12 12:30:45.661623,153.55,153.33,153.29
2016-04-12 12:30:45.814909,153.55,153.33,153.29
2016-04-12 12:30:45.967315,153.55,153.33,153.29
2016-04-12 12:30:46.121889,153.55,153.33,153.29
2016-04-12 12:30:46.285162,153.55,153.33,153.29
2016-04-12 12:30:46.442333,153.55,153.33,153.29
2016-04-12 12:30:46.590002,153.55,153.33,153.29
2016-04-12 12:30:46.747696,153.55,153.33,153.29
2016-04-12 12:30:46.912296,153.55,153.33,153.29
2016-04-12 12:30:47.068011,153.55,153.33,153.29
2016-04-12 12:30:47.246092,153.55,153.33,153.29
2016-04-12 12:30:47.413611,153.55,153.33,153.29
2016-04-12 12:30:47.587285,153.55,153.33,153.29
2016-04-12 12:30:47.742262,153.55,153.33,153.29
2016-04-12 12:30:47.913696,153.55,153.33,153.29
2016-04-12 12:30:48.075075,153.55,153.33,153.29
2016-04-12 12:30:48.231488,153.55,153.33,153.29
2016-04-12 12:30:48.413710,153.55,153.33,153.29
2016-04-12 12:30:48.582924,153.55,153.33,153.29
2016-04-12 12:30:48.760299,153.55,153.33,153.29
2016-04-12 12:30:48.928197,153.55,153.33,153.29
2016-04-12 12:30:49.091484,153.55,153.33,153.29
2016-04-12 12:30:49.263824,153.55,153.33,153.29
2016-04-12 12:30:49.482014,153.55,153.33,153.29
2016-04-12 12:30:49.654889,153.55,153.33,153.29
2016-04-12 12:30:49.834730,153.55,153.33,153.29
2016-04-12 12:30:49.990873,153.55,153.33,153.29
2016-04-12 12:30:50.161201,153.55,153.33,153.29
2016-04-12 12:30:50.329654,153.55,153.33,153.29
2016-04-12 12:30:50.662669,153.55,153.33,153.29
2016-04-12 12:30:50.817410,153.55,153.33,153.29
2016-04-12 12:30:50.995269,153.55,153.33,153.29
2016-04-12 12:30:51.149169,153.55,153.33,153.29
2016-04-12 12:30:51.298599,153.55,153.33,153.29
2016-04-12 12:30:51.463900,153.55,153.33,153.29
2016-04-12 12:30:51.626015,153.55,153.33,153.29
2016-04-12 12:30:51.775635,153.55,153.33,153.29
2016-04-12 12:30:51.953481,153.55,153.33,153.29
2016-04-12 12:30:52.099984,153.55,153.33,153.29
2016-04-12 12:30:52.249093,153.55,153.33,153.29
2016-04-12 12:30:52.411754,153.55,153.33,153.29
2016-04-12 12:30:52.598148,153.55,153.33,153.29
2016-04-12 12:30:52.769890,153.55,153.33,153.29
2016-04-12 12:30:52.941808,153.55,153.33,153.29
2016-04-12 12:30:53.110825,153.55,153.33,153.29
2016-04-12 12:30:53.272604,153.55,153.33,153.29
2016-04-12 12:30:53.448744,153.55,153.33,153.29
2016-04-12 12:30:53.604643,153.55,153.33,153.29
2016-04-12 12:30:53.865962,153.55,153.33,153.29
2016-04-12 12:30:54.037551,153.55,153.33,153.29
2016-04-12 12:30:54.208403,153.55,153.33,153.29
2016-04-12 12:30:54.370922,153.55,153.33,153.29
2016-04-12 12:30:54.543936,153.55,153.33,153.29
2016-04-12 12:30:54.721615,153.55,153.33,153.29
2016-04-12 12:30:54.875714,153.55,153.33,153.29
2016-04-12 12:30:55.046663,153.55,153.33,153.29
2016-04-12 12:30:55.201353,153.55,153.33,153.29
2016-04-12 12:30:55.362696,153.55,153.33,153.29
2016-04-12 12:30:55.541289,153.55,153.33,153.29
2016-04-12 12:30:55.695686,153.55,153.33,153.29
2016-04-12 12:30:56.224579,153.55,153.33,153.29
2016-04-12 12:30:56.381711,153.55,153.33,153.29
2016-04-12 12:30:56.538603,153.55,153.33,153.29
2016-04-12 12:30:56.702001,153.55,153.33,153.29
2016-04-12 12:30:56.959098,153.55,153.33,153.29
2016-04-12 12:30:57.128659,153.55,153.33,153.29
2016-04-12 12:30:57.283009,153.55,153.33,153.29
2016-04-12 12:30:57.438535,153.55,153.33,153.29
2016-04-12 12:30:57.640617,153.55,153.33,153.29
2016-04-12 12:30:57.789805,153.55,153.33,153.29
2016-04-12 12:30:57.962074,153.55,153.33,153.29
2016-04-12 12:30:58.122137,153.55,153.33,153.29
2016-04-12 12:30:58.332785,153.55,153.33,153.29
2016-04-12 12:30:58.518956,153.55,153.33,153.29
2016-04-12 12:30:58.679798,153.55,153.33,153.29
2016-04-12 12:30:58.847415,153.55,153.33,153.29
2016-04-12 12:30:59.017364,153.55,153.33,153.29
2016-04-12 12:30:59.624099,153.55,153.33,153.29
2016-04-12 12:30:59.777149,153.55,153.33,153.29
2016-04-12 12:30:59.932441,153.55,153.33,153.29
2016-04-12 12:31:00.101025,153.55,153.33,153.29
2016-04-12 12:31:00.549562,153.565,153.33,153.29
2016-04-12 12:31:00.714558,153.56,153.33,153.29
2016-04-12 12:31:00.874892,153.56,153.33,153.29
2016-04-12 12:31:01.057170,153.56,153.33,153.29
2016-04-12 12:31:01.225945,153.56,153.33,153.29
2016-04-12 12:31:01.415756,153.56,153.33,153.29
2016-04-12 12:31:01.986329,153.61,153.33,153.29
2016-04-12 12:31:02.150039,153.61,153.33,153.29
2016-04-12 12:31:02.322515,153.61,153.33,153.29
2016-04-12 12:31:02.612955,153.61,153.33,153.29
2016-04-12 12:31:03.084839,153.61,153.33,153.29
2016-04-12 12:31:03.247625,153.61,153.33,153.29
2016-04-12 12:31:03.414667,153.61,153.33,153.29
2016-04-12 12:31:03.915286,153.61,153.33,153.29
2016-04-12 12:31:04.103975,153.61,153.33,153.29
2016-04-12 12:31:04.277673,153.61,153.33,153.29
2016-04-12 12:31:04.453140,153.61,153.33,153.29
2016-04-12 12:31:04.937152,153.61,153.33,153.29
2016-04-12 12:31:05.094959,153.61,153.33,153.29
2016-04-12 12:31:05.257603,153.61,153.33,153.29
2016-04-12 12:31:05.424395,153.61,153.33,153.29
2016-04-12 12:31:05.580839,153.61,153.33,153.29
2016-04-12 12:31:06.059235,153.61,153.33,153.29
2016-04-12 12:31:06.665250,153.61,153.33,153.29
2016-04-12 12:31:07.161479,153.61,153.33,153.29
2016-04-12 12:31:07.431293,153.61,153.33,153.29
2016-04-12 12:31:07.891986,153.61,153.33,153.29
2016-04-12 12:31:08.038270,153.61,153.33,153.29
2016-04-12 12:31:08.182155,153.61,153.33,153.29
2016-04-12 12:31:08.339976,153.61,153.33,153.29
2016-04-12 12:31:08.514989,153.61,153.33,153.29
2016-04-12 12:31:08.674001,153.61,153.33,153.29
2016-04-12 12:31:08.825395,153.61,153.33,153.29
2016-04-12 12:31:09.278770,153.61,153.33,153.29
2016-04-12 12:31:09.642469,153.61,153.33,153.29
2016-04-12 12:31:09.795353,153.61,153.33,153.29
2016-04-12 12:31:09.955860,153.61,153.33,153.29
2016-04-12 12:31:10.111480,153.61,153.33,153.29
2016-04-12 12:31:10.261208,153.61,153.33,153.29
2016-04-12 12:31:10.766546,153.61,153.33,153.29
2016-04-12 12:31:10.921757,153.61,153.33,153.29
2016-04-12 12:31:11.077022,153.61,153.33,153.29
2016-04-12 12:31:11.297722,153.61,153.33,153.29
2016-04-12 12:31:11.445678,153.61,153.33,153.29
2016-04-12 12:31:11.884296,153.61,153.33,153.29
2016-04-12 12:31:12.034921,153.625,153.33,153.29
2016-04-12 12:31:12.530555,153.625,153.33,153.29
2016-04-12 12:31:12.679356,153.625,153.33,153.29
2016-04-12 12:31:13.128579,153.625,153.33,153.29
2016-04-12 12:31:13.275886,153.625,153.33,153.29
2016-04-12 12:31:13.445325,153.625,153.33,153.29
2016-04-12 12:31:13.949615,153.625,153.33,153.29
2016-04-12 12:31:14.112703,153.625,153.33,153.29
2016-04-12 12:31:14.262721,153.625,153.33,153.29
2016-04-12 12:31:14.424606,153.625,153.33,153.29
2016-04-12 12:31:14.583808,153.625,153.33,153.29
2016-04-12 12:31:14.735620,153.625,153.33,153.29
2016-04-12 12:31:14.887490,153.66,153.33,153.29
2016-04-12 12:31:15.049929,153.66,153.33,153.29
2016-04-12 12:31:15.199986,153.66,153.33,153.29
2016-04-12 12:31:15.352218,153.66,153.33,153.29
2016-04-12 12:31:15.500445,153.665,153.33,153.29
2016-04-12 12:31:15.654891,153.665,153.33,153.29
2016-04-12 12:31:15.804390,153.665,153.33,153.29
2016-04-12 12:31:15.970082,153.665,153.33,153.29
2016-04-12 12:31:16.119147,153.665,153.33,153.29
2016-04-12 12:31:16.303259,153.665,153.33,153.29
2016-04-12 12:31:16.609895,153.6799,153.33,153.29
2016-04-12 12:31:16.763911,153.6799,153.33,153.29
2016-04-12 12:31:16.921268,153.64,153.33,153.29
2016-04-12 12:31:17.072808,153.64,153.33,153.29
2016-04-12 12:31:17.225712,153.64,153.33,153.29
2016-04-12 12:31:17.371351,153.64,153.33,153.29
2016-04-12 12:31:17.530853,153.64,153.33,153.29
2016-04-12 12:31:17.692651,153.64,153.33,153.29
2016-04-12 12:31:17.881402,153.64,153.33,153.29
2016-04-12 12:31:18.038916,153.64,153.33,153.29
2016-04-12 12:31:18.305970,153.64,153.33,153.29
2016-04-12 12:31:18.464782,153.64,153.33,153.29
2016-04-12 12:31:18.624030,153.64,153.33,153.29
2016-04-12 12:31:18.785910,153.64,153.33,153.29
2016-04-12 12:31:18.966126,153.64,153.33,153.29
2016-04-12 12:31:19.132492,153.64,153.33,153.29
2016-04-12 12:31:19.278518,153.64,153.33,153.29
2016-04-12 12:31:19.548340,153.64,153.33,153.29
2016-04-12 12:31:19.708558,153.64,153.33,153.29
2016-04-12 12:31:19.863794,153.64,153.33,153.29
2016-04-12 12:31:20.025470,153.64,153.33,153.29
2016-04-12 12:31:20.237965,153.64,153.33,153.29
2016-04-12 12:31:20.379906,153.64,153.33,153.29
2016-04-12 12:31:20.526512,153.64,153.33,153.29
2016-04-12 12:31:20.680075,153.64,153.33,153.29
2016-04-12 12:31:20.827302,153.64,153.33,153.29
2016-04-12 12:31:20.965060,153.64,153.33,153.29
2016-04-12 12:31:21.107571,153.64,153.33,153.29
2016-04-12 12:31:21.261436,153.63,153.33,153.29
2016-04-12 12:31:21.407730,153.63,153.33,153.29
2016-04-12 12:31:21.551933,153.63,153.33,153.29
2016-04-12 12:31:21.708179,153.63,153.33,153.29
2016-04-12 12:31:22.280457,153.63,153.33,153.29
2016-04-12 12:31:22.437600,153.63,153.33,153.29
2016-04-12 12:31:22.589075,153.63,153.33,153.29
2016-04-12 12:31:22.737659,153.63,153.33,153.29
2016-04-12 12:31:22.886023,153.63,153.33,153.29
2016-04-12 12:31:23.089689,153.63,153.33,153.29
2016-04-12 12:31:23.249722,153.63,153.33,153.29
2016-04-12 12:31:23.408404,153.63,153.33,153.29
2016-04-12 12:31:23.563378,153.63,153.33,153.29
2016-04-12 12:31:23.716529,153.63,153.33,153.29
2016-04-12 12:31:23.876349,153.63,153.33,153.29
2016-04-12 12:31:24.033653,153.63,153.33,153.29
2016-04-12 12:31:24.187263,153.63,153.33,153.29
2016-04-12 12:31:24.337598,153.63,153.33,153.29
2016-04-12 12:31:24.490622,153.63,153.33,153.29
2016-04-12 12:31:24.638802,153.63,153.33,153.29
2016-04-12 12:31:24.786407,153.63,153.33,153.29
2016-04-12 12:31:24.969268,153.63,153.33,153.29
2016-04-12 12:31:25.116264,153.63,153.33,153.29
2016-04-12 12:31:25.279417,153.63,153.33,153.29
2016-04-12 12:31:25.440935,153.63,153.33,153.29
2016-04-12 12:31:25.621745,153.63,153.33,153.29
2016-04-12 12:31:25.766733,153.63,153.33,153.29
2016-04-12 12:31:25.956776,153.63,153.33,153.29
2016-04-12 12:31:26.108295,153.63,153.33,153.29
2016-04-12 12:31:26.253116,153.63,153.33,153.29
2016-04-12 12:31:26.513663,153.63,153.33,153.29
2016-04-12 12:31:27.029798,153.63,153.33,153.29
2016-04-12 12:31:27.188748,153.63,153.33,153.29
2016-04-12 12:31:27.346500,153.63,153.33,153.29
2016-04-12 12:31:27.500451,153.63,153.33,153.29
2016-04-12 12:31:27.673399,153.63,153.33,153.29
2016-04-12 12:31:27.828590,153.63,153.33,153.29
2016-04-12 12:31:27.987294,153.63,153.33,153.29
2016-04-12 12:31:28.140206,153.63,153.33,153.29
2016-04-12 12:31:28.297020,153.63,153.33,153.29
2016-04-12 12:31:28.442944,153.63,153.33,153.29
2016-04-12 12:31:28.588808,153.63,153.33,153.29
2016-04-12 12:31:28.734946,153.63,153.33,153.29
2016-04-12 12:31:28.885525,153.66,153.33,153.29
2016-04-12 12:31:29.078475,153.66,153.33,153.29
2016-04-12 12:31:29.242834,153.66,153.33,153.29
2016-04-12 12:31:29.393114,153.66,153.33,153.29
2016-04-12 12:31:29.551666,153.66,153.33,153.29
2016-04-12 12:31:29.701152,153.66,153.33,153.29
