time,price,bid,ask
2016-04-12 10:49:41.933165,78.86,78.8,78.74
2016-04-12 10:49:42.083546,78.86,78.8,78.74
2016-04-12 10:49:42.234083,78.86,78.8,78.74
2016-04-12 10:49:42.388451,78.86,78.8,78.74
2016-04-12 10:49:42.606982,78.86,78.8,78.74
2016-04-12 10:49:42.775074,78.86,78.8,78.74
2016-04-12 10:49:42.934531,78.86,78.8,78.74
2016-04-12 10:49:43.082671,78.86,78.8,78.74
2016-04-12 10:49:43.258072,78.86,78.8,78.74
2016-04-12 10:49:43.411211,78.86,78.8,78.74
2016-04-12 10:49:43.563798,78.86,78.8,78.74
2016-04-12 10:49:43.728774,78.86,78.8,78.74
2016-04-12 10:49:43.881042,78.86,78.8,78.74
2016-04-12 10:49:44.040456,78.86,78.8,78.74
2016-04-12 10:49:44.194736,78.86,78.8,78.74
2016-04-12 10:49:44.345422,78.86,78.8,78.74
2016-04-12 10:49:44.490738,78.86,78.8,78.74
2016-04-12 10:49:44.634066,78.86,78.8,78.74
2016-04-12 10:49:44.803501,78.86,78.8,78.74
2016-04-12 10:49:44.950987,78.86,78.8,78.74
2016-04-12 10:49:45.100549,78.86,78.8,78.74
2016-04-12 10:49:45.251439,78.86,78.8,78.74
2016-04-12 10:49:45.411368,78.86,78.8,78.74
2016-04-12 10:49:45.560416,78.86,78.8,78.74
2016-04-12 10:49:45.709791,78.86,78.8,78.74
2016-04-12 10:49:45.864722,78.86,78.8,78.74
2016-04-12 10:49:46.019912,78.86,78.8,78.74
2016-04-12 10:49:46.171961,78.86,78.8,78.74
2016-04-12 10:49:46.320513,78.86,78.8,78.74
2016-04-12 10:49:46.474524,78.86,78.8,78.74
2016-04-12 10:49:46.626428,78.86,78.8,78.74
2016-04-12 10:49:46.774847,78.86,78.8,78.74
2016-04-12 10:49:46.929518,78.86,78.8,78.74
2016-04-12 10:49:47.076309,78.86,78.8,78.74
2016-04-12 10:49:47.225796,78.86,78.8,78.74
2016-04-12 10:49:47.374909,78.86,78.8,78.74
2016-04-12 10:49:47.521598,78.86,78.8,78.74
2016-04-12 10:49:47.669820,78.86,78.8,78.74
2016-04-12 10:49:47.818752,78.86,78.8,78.74
2016-04-12 10:49:47.968137,78.86,78.8,78.74
2016-04-12 10:49:48.120206,78.86,78.8,78.74
2016-04-12 10:49:48.270365,78.86,78.8,78.74
2016-04-12 10:49:48.429381,78.86,78.8,78.74
2016-04-12 10:49:48.579249,78.86,78.8,78.74
2016-04-12 10:49:48.733572,78.86,78.8,78.74
2016-04-12 10:49:48.887740,78.86,78.8,78.74
2016-04-12 10:49:49.053960,78.86,78.8,78.74
2016-04-12 10:49:49.222384,78.86,78.8,78.74
2016-04-12 10:49:49.388662,78.86,78.8,78.74
2016-04-12 10:49:49.552905,78.86,78.8,78.74
2016-04-12 10:49:49.707965,78.86,78.8,78.74
2016-04-12 10:49:49.852340,78.86,78.8,78.74
2016-04-12 10:49:49.998967,78.86,78.8,78.74
2016-04-12 10:49:50.173034,78.86,78.8,78.74
2016-04-12 10:49:50.331663,78.86,78.8,78.74
2016-04-12 10:49:50.478519,78.86,78.8,78.74
2016-04-12 10:49:50.639162,78.86,78.8,78.74
2016-04-12 10:49:50.796208,78.86,78.8,78.74
2016-04-12 10:49:50.947205,78.86,78.8,78.74
2016-04-12 10:49:51.099136,78.86,78.8,78.74
2016-04-12 10:49:51.250476,78.86,78.8,78.74
2016-04-12 10:49:51.406494,78.86,78.8,78.74
2016-04-12 10:49:51.561637,78.86,78.8,78.74
2016-04-12 10:49:51.709780,78.86,78.8,78.74
2016-04-12 10:49:51.860329,78.86,78.8,78.74
2016-04-12 10:49:52.010980,78.86,78.8,78.74
2016-04-12 10:49:52.162242,78.86,78.8,78.74
2016-04-12 10:49:52.328975,78.86,78.8,78.74
2016-04-12 10:49:52.483564,78.86,78.8,78.74
2016-04-12 10:49:52.666422,78.86,78.8,78.74
2016-04-12 10:49:52.816182,78.86,78.8,78.74
2016-04-12 10:49:52.964088,78.86,78.8,78.74
2016-04-12 10:49:53.110956,78.86,78.8,78.74
2016-04-12 10:49:53.253701,78.86,78.8,78.74
2016-04-12 10:49:53.402062,78.86,78.8,78.74
2016-04-12 10:49:53.556081,78.86,78.8,78.74
2016-04-12 10:49:53.704040,78.86,78.8,78.74
2016-04-12 10:49:53.860387,78.86,78.8,78.74
2016-04-12 10:49:54.019400,78.86,78.8,78.74
2016-04-12 10:49:54.168559,78.86,78.8,78.74
2016-04-12 10:49:54.328195,78.86,78.8,78.74
2016-04-12 10:49:54.482310,78.86,78.8,78.74
2016-04-12 10:49:54.636268,78.86,78.8,78.74
2016-04-12 10:49:54.782174,78.86,78.8,78.74
2016-04-12 10:49:54.929417,78.86,78.8,78.74
2016-04-12 10:49:55.081682,78.86,78.8,78.74
2016-04-12 10:49:55.231480,78.86,78.8,78.74
2016-04-12 10:49:55.379371,78.86,78.8,78.74
2016-04-12 10:49:55.539933,78.86,78.8,78.74
2016-04-12 10:49:55.693195,78.86,78.8,78.74
2016-04-12 10:49:55.838661,78.86,78.8,78.74
2016-04-12 10:49:55.983298,78.86,78.8,78.74
2016-04-12 10:49:56.141160,78.86,78.8,78.74
2016-04-12 10:49:56.299024,78.86,78.8,78.74
2016-04-12 10:49:56.454180,78.86,78.8,78.74
2016-04-12 10:49:56.610228,78.86,78.8,78.74
2016-04-12 10:49:56.758804,78.86,78.8,78.74
2016-04-12 10:49:56.906857,78.86,78.8,78.74
2016-04-12 10:49:57.061998,78.86,78.8,78.74
2016-04-12 10:49:57.259998,78.86,78.8,78.74
2016-04-12 10:49:57.410642,78.86,78.8,78.74
2016-04-12 10:49:57.562932,78.86,78.8,78.74
2016-04-12 10:49:57.849101,78.86,78.8,78.74
2016-04-12 10:49:57.997956,78.86,78.8,78.74
2016-04-12 10:49:58.146118,78.86,78.8,78.74
2016-04-12 10:49:58.288582,78.86,78.8,78.74
2016-04-12 10:49:58.446127,78.86,78.8,78.74
2016-04-12 10:49:58.642614,78.86,78.8,78.74
2016-04-12 10:49:58.795433,78.86,78.8,78.74
2016-04-12 10:49:58.948824,78.86,78.8,78.74
2016-04-12 10:49:59.109641,78.86,78.8,78.74
2016-04-12 10:49:59.256014,78.86,78.8,78.74
2016-04-12 10:49:59.402428,78.86,78.8,78.74
2016-04-12 10:49:59.558652,78.86,78.8,78.74
2016-04-12 10:49:59.736824,78.86,78.8,78.74
2016-04-12 10:49:59.901312,78.86,78.8,78.74
2016-04-12 10:50:00.058402,78.86,78.8,78.74
2016-04-12 10:50:00.210311,78.86,78.8,78.74
2016-04-12 10:50:00.390159,78.86,78.8,78.74
2016-04-12 10:50:00.563280,78.86,78.8,78.74
2016-04-12 10:50:00.774960,78.86,78.8,78.74
2016-04-12 10:50:00.973351,78.86,78.8,78.74
2016-04-12 10:50:01.137603,78.86,78.8,78.74
2016-04-12 10:50:01.293652,78.86,78.8,78.74
2016-04-12 10:50:01.453245,78.86,78.8,78.74
2016-04-12 10:50:01.608030,78.86,78.8,78.74
2016-04-12 10:50:01.759067,78.86,78.8,78.74
2016-04-12 10:50:01.910755,78.86,78.8,78.74
2016-04-12 10:50:02.055549,78.86,78.8,78.74
2016-04-12 10:50:02.206026,78.86,78.8,78.74
2016-04-12 10:50:02.355488,78.86,78.8,78.74
2016-04-12 10:50:02.509673,78.86,78.8,78.74
2016-04-12 10:50:02.656190,78.93,78.8,78.74
2016-04-12 10:50:02.814666,78.89,78.8,78.74
2016-04-12 10:50:02.965310,78.89,78.8,78.74
2016-04-12 10:50:03.109158,78.89,78.8,78.74
2016-04-12 10:50:03.260258,78.89,78.8,78.74
2016-04-12 10:50:03.412141,78.89,78.8,78.74
2016-04-12 10:50:03.558154,78.89,78.8,78.74
2016-04-12 10:50:03.732059,78.89,78.8,78.74
2016-04-12 10:50:03.878865,78.89,78.8,78.74
2016-04-12 10:50:04.025667,78.89,78.8,78.74
2016-04-12 10:50:04.193726,78.89,78.8,78.74
2016-04-12 10:50:04.362770,78.89,78.8,78.74
2016-04-12 10:50:04.530078,78.89,78.8,78.74
2016-04-12 10:50:04.745042,78.9,78.8,78.74
2016-04-12 10:50:04.946904,78.9,78.8,78.74
2016-04-12 10:50:05.127493,78.9,78.8,78.74
2016-04-12 10:50:05.276721,78.9,78.8,78.74
2016-04-12 10:50:05.469990,78.9,78.8,78.74
2016-04-12 10:50:05.650900,78.9,78.8,78.74
2016-04-12 10:50:05.807288,78.9,78.8,78.74
2016-04-12 10:50:05.978010,78.9,78.8,78.74
2016-04-12 10:50:06.134805,78.9,78.8,78.74
2016-04-12 10:50:06.296663,78.9,78.8,78.74
2016-04-12 10:50:06.451113,78.9,78.8,78.74
2016-04-12 10:50:06.597731,78.9,78.8,78.74
2016-04-12 10:50:06.746819,78.9,78.8,78.74
2016-04-12 10:50:06.901485,78.9,78.8,78.74
2016-04-12 10:50:07.064849,78.9,78.8,78.74
2016-04-12 10:50:07.213994,78.9,78.8,78.74
2016-04-12 10:50:07.366991,78.9,78.8,78.74
2016-04-12 10:50:07.538080,78.9,78.8,78.74
2016-04-12 10:50:07.701102,78.9,78.8,78.74
2016-04-12 10:50:07.857396,78.9,78.8,78.74
2016-04-12 10:50:08.007924,78.9,78.8,78.74
2016-04-12 10:50:08.156742,78.9,78.8,78.74
2016-04-12 10:50:08.319039,78.9,78.8,78.74
2016-04-12 10:50:08.474471,78.9,78.8,78.74
2016-04-12 10:50:08.621507,78.9,78.8,78.74
2016-04-12 10:50:08.926753,78.9,78.8,78.74
2016-04-12 10:50:09.079748,78.9,78.8,78.74
2016-04-12 10:50:09.585970,78.9,78.8,78.74
2016-04-12 10:50:10.092545,78.9,78.8,78.74
2016-04-12 10:50:10.596192,78.9,78.8,78.74
2016-04-12 10:50:11.114187,78.9,78.8,78.74
2016-04-12 10:50:11.267079,78.9,78.8,78.74
2016-04-12 10:50:11.752671,78.9,78.8,78.74
2016-04-12 10:50:12.340577,78.9,78.8,78.74
2016-04-12 10:50:12.853893,78.9,78.8,78.74
2016-04-12 10:50:13.012547,78.9,78.8,78.74
2016-04-12 10:50:13.167144,78.9,78.8,78.74
2016-04-12 10:50:13.673317,78.9,78.8,78.74
2016-04-12 10:50:14.190115,78.9,78.8,78.74
2016-04-12 10:50:14.803517,78.9,78.8,78.74
2016-04-12 10:50:15.314705,78.9,78.8,78.74
2016-04-12 10:50:15.823798,78.9,78.8,78.74
2016-04-12 10:50:16.335870,78.9,78.8,78.74
2016-04-12 10:50:16.845559,78.9,78.8,78.74
2016-04-12 10:50:17.357056,78.9,78.8,78.74
2016-04-12 10:50:17.868289,78.9,78.8,78.74
2016-04-12 10:50:18.384747,78.9,78.8,78.74
2016-04-12 10:50:19.108809,78.9,78.8,78.74
2016-04-12 10:50:19.676895,78.9,78.8,78.74
2016-04-12 10:50:20.231124,78.9,78.8,78.74
2016-04-12 10:50:20.384704,78.9,78.8,78.74
2016-04-12 10:50:20.603092,78.9,78.8,78.74
2016-04-12 10:50:20.762592,78.9,78.8,78.74
2016-04-12 10:50:20.918623,78.9,78.8,78.74
2016-04-12 10:50:21.069592,78.9,78.8,78.74
2016-04-12 10:50:21.226727,78.9,78.8,78.74
2016-04-12 10:50:21.373067,78.9,78.8,78.74
2016-04-12 10:50:21.528382,78.9,78.8,78.74
2016-04-12 10:50:21.683736,78.9,78.8,78.74
2016-04-12 10:50:21.845677,78.9,78.8,78.74
2016-04-12 10:50:22.002140,78.9,78.8,78.74
2016-04-12 10:50:22.171598,78.9,78.8,78.74
2016-04-12 10:50:22.320549,78.9,78.8,78.74
2016-04-12 10:50:22.472484,78.9,78.8,78.74
2016-04-12 10:50:22.627784,78.9,78.8,78.74
2016-04-12 10:50:22.779627,78.9,78.8,78.74
2016-04-12 10:50:22.932342,78.9,78.8,78.74
2016-04-12 10:50:23.094101,78.9,78.8,78.74
2016-04-12 10:50:23.267587,78.9,78.8,78.74
2016-04-12 10:50:23.447717,78.9,78.8,78.74
2016-04-12 10:50:23.670728,78.9,78.8,78.74
2016-04-12 10:50:23.824438,78.9,78.8,78.74
2016-04-12 10:50:23.977524,78.9,78.8,78.74
2016-04-12 10:50:24.135193,78.9,78.8,78.74
2016-04-12 10:50:24.283621,78.9,78.8,78.74
2016-04-12 10:50:24.441292,78.9,78.79,78.75
2016-04-12 10:50:24.590987,78.9,78.79,78.75
2016-04-12 10:50:24.743184,78.9,78.79,78.75
2016-04-12 10:50:24.890969,78.9,78.79,78.75
2016-04-12 10:50:25.039707,78.9,78.79,78.75
2016-04-12 10:50:25.207475,78.9,78.79,78.75
2016-04-12 10:50:25.361828,78.9,78.79,78.75
2016-04-12 10:50:25.513745,78.9,78.79,78.75
2016-04-12 10:50:25.665990,78.9,78.79,78.75
2016-04-12 10:50:25.818494,78.9,78.79,78.75
2016-04-12 10:50:26.373031,78.9,78.79,78.75
2016-04-12 10:50:26.524525,78.9,78.79,78.75
2016-04-12 10:50:26.699688,78.9,78.79,78.75
2016-04-12 10:50:26.849599,78.9,78.79,78.75
2016-04-12 10:50:27.011341,78.9,78.79,78.75
2016-04-12 10:50:27.162322,78.9,78.79,78.75
2016-04-12 10:50:27.309170,78.9,78.79,78.75
2016-04-12 10:50:27.455527,78.9,78.79,78.75
2016-04-12 10:50:27.621200,78.9,78.79,78.75
2016-04-12 10:50:27.787065,78.9,78.79,78.75
2016-04-12 10:50:27.937826,78.9,78.79,78.75
2016-04-12 10:50:28.098781,78.9,78.79,78.75
2016-04-12 10:50:28.247615,78.9,78.79,78.75
2016-04-12 10:50:28.403591,78.9,78.79,78.75
2016-04-12 10:50:28.557300,78.9,78.79,78.75
2016-04-12 10:50:28.710978,78.9,78.79,78.75
2016-04-12 10:50:28.858134,78.9,78.79,78.75
2016-04-12 10:50:29.004612,78.9,78.79,78.75
2016-04-12 10:50:29.149911,78.9,78.79,78.75
2016-04-12 10:50:29.318698,78.9,78.79,78.75
2016-04-12 10:50:29.471771,78.9,78.79,78.75
2016-04-12 10:50:29.679366,78.89,78.79,78.75
2016-04-12 10:50:29.892681,78.89,78.79,78.75
2016-04-12 10:50:30.503940,78.89,78.79,78.75
2016-04-12 10:50:31.008199,78.89,78.79,78.75
2016-04-12 10:50:31.520656,78.89,78.79,78.75
2016-04-12 10:50:32.189137,78.89,78.79,78.75
2016-04-12 10:50:33.011234,78.89,78.79,78.75
2016-04-12 10:50:33.690038,78.89,78.79,78.75
2016-04-12 10:50:34.154163,78.89,78.79,78.75
2016-04-12 10:50:34.660253,78.89,78.79,78.75
2016-04-12 10:50:35.124817,78.89,78.79,78.75
2016-04-12 10:50:35.645420,78.89,78.79,78.75
2016-04-12 10:50:36.294212,78.89,78.79,78.75
2016-04-12 10:50:37.320223,78.89,78.79,78.75
2016-04-12 10:50:38.264565,78.89,78.73,78.7
2016-04-12 10:50:38.752217,78.89,78.73,78.7
2016-04-12 10:50:39.577215,78.89,78.73,78.7
2016-04-12 10:50:40.097534,78.89,78.73,78.7
2016-04-12 10:50:40.615839,78.89,78.73,78.7
2016-04-12 10:50:41.128195,78.89,78.73,78.7
2016-04-12 10:50:42.343298,78.89,78.73,78.7
2016-04-12 10:50:42.497618,78.89,78.73,78.7
2016-04-12 10:50:42.664608,78.89,78.73,78.7
2016-04-12 10:50:42.849979,78.89,78.73,78.7
2016-04-12 10:50:43.012082,78.89,78.73,78.7
2016-04-12 10:50:43.184108,78.89,78.73,78.7
2016-04-12 10:50:43.345105,78.89,78.73,78.7
2016-04-12 10:50:43.506297,78.89,78.73,78.7
2016-04-12 10:50:43.677369,78.89,78.73,78.7
2016-04-12 10:50:43.829023,78.89,78.73,78.7
2016-04-12 10:50:43.987579,78.89,78.73,78.7
2016-04-12 10:50:44.141291,78.89,78.73,78.7
2016-04-12 10:50:44.298073,78.89,78.73,78.7
2016-04-12 10:50:44.452291,78.89,78.73,78.7
2016-04-12 10:50:44.603064,78.89,78.73,78.7
2016-04-12 10:50:44.757328,78.89,78.73,78.7
2016-04-12 10:50:44.906718,78.89,78.73,78.7
2016-04-12 10:50:45.064491,78.89,78.73,78.7
2016-04-12 10:50:45.217787,78.89,78.73,78.7
2016-04-12 10:50:45.373126,78.89,78.73,78.7
2016-04-12 10:50:45.549839,78.89,78.73,78.7
2016-04-12 10:50:45.715515,78.89,78.73,78.7
2016-04-12 10:50:45.890312,78.89,78.73,78.7
2016-04-12 10:50:46.037917,78.89,78.73,78.7
2016-04-12 10:50:46.205344,78.89,78.73,78.7
2016-04-12 10:50:46.357240,78.89,78.73,78.7
2016-04-12 10:50:46.510303,78.89,78.73,78.7
2016-04-12 10:50:46.666138,78.89,78.73,78.7
2016-04-12 10:50:46.814715,78.89,78.73,78.7
2016-04-12 10:50:46.966733,78.89,78.73,78.7
2016-04-12 10:50:47.114526,78.89,78.73,78.7
2016-04-12 10:50:47.268316,78.89,78.73,78.7
2016-04-12 10:50:47.423619,78.89,78.73,78.7
2016-04-12 10:50:47.570648,78.89,78.73,78.7
2016-04-12 10:50:47.720936,78.89,78.73,78.7
2016-04-12 10:50:47.872023,78.89,78.73,78.7
2016-04-12 10:50:48.025307,78.89,78.73,78.7
2016-04-12 10:50:48.174337,78.89,78.73,78.7
2016-04-12 10:50:48.321790,78.89,78.73,78.7
2016-04-12 10:50:48.480830,78.89,78.73,78.7
2016-04-12 10:50:48.638751,78.91,78.73,78.7
2016-04-12 10:50:48.819195,78.91,78.73,78.7
2016-04-12 10:50:48.982238,78.91,78.73,78.7
2016-04-12 10:50:49.131365,78.91,78.73,78.7
2016-04-12 10:50:49.276904,78.91,78.73,78.7
2016-04-12 10:50:49.422654,78.91,78.73,78.7
2016-04-12 10:50:49.602775,78.91,78.73,78.7
2016-04-12 10:50:49.755015,78.91,78.73,78.7
2016-04-12 10:50:49.920871,78.91,78.73,78.7
2016-04-12 10:50:50.104021,78.91,78.73,78.7
2016-04-12 10:50:50.255807,78.91,78.73,78.7
2016-04-12 10:50:50.406575,78.91,78.73,78.7
2016-04-12 10:50:50.555431,78.91,78.73,78.7
2016-04-12 10:50:50.707418,78.91,78.73,78.7
2016-04-12 10:50:50.858546,78.91,78.73,78.7
2016-04-12 10:50:51.008098,78.91,78.73,78.7
2016-04-12 10:50:51.259678,78.91,78.73,78.7
2016-04-12 10:50:51.407328,78.93,78.73,78.7
2016-04-12 10:50:51.568261,78.94,78.73,78.7
2016-04-12 10:50:51.722617,78.94,78.73,78.7
2016-04-12 10:50:51.875648,78.9899,78.73,78.7
2016-04-12 10:50:52.042986,78.9899,78.73,78.7
2016-04-12 10:50:52.191537,78.9899,78.73,78.7
2016-04-12 10:50:52.491699,78.9899,78.73,78.7
2016-04-12 10:50:52.640210,78.9899,78.73,78.7
2016-04-12 10:50:52.787218,78.9899,78.73,78.7
2016-04-12 10:50:52.935962,78.9899,78.73,78.7
2016-04-12 10:50:53.088198,78.9899,78.73,78.7
2016-04-12 10:50:53.244500,78.9899,78.73,78.7
2016-04-12 10:50:53.403799,78.9899,78.73,78.7
2016-04-12 10:50:53.547555,78.9899,78.73,78.7
2016-04-12 10:50:53.708204,78.9899,78.73,78.7
2016-04-12 10:50:53.884862,78.9899,78.73,78.7
2016-04-12 10:50:54.043951,78.9899,78.73,78.7
2016-04-12 10:50:54.196161,78.9899,78.73,78.7
2016-04-12 10:50:54.347721,78.9899,78.73,78.7
2016-04-12 10:50:54.501423,78.9899,78.73,78.7
2016-04-12 10:50:54.654959,78.9899,78.73,78.7
2016-04-12 10:50:54.821808,78.9899,78.73,78.7
2016-04-12 10:50:54.984847,78.9899,78.73,78.7
2016-04-12 10:50:55.134725,78.9899,78.73,78.7
2016-04-12 10:50:55.290197,78.9899,78.73,78.7
2016-04-12 10:50:55.445683,78.9899,78.73,78.7
2016-04-12 10:50:55.597162,78.9899,78.73,78.7
2016-04-12 10:50:55.742821,78.9899,78.73,78.7
2016-04-12 10:50:55.893505,78.9899,78.73,78.7
2016-04-12 10:50:56.042644,78.9899,78.73,78.7
2016-04-12 10:50:56.199201,78.9899,78.73,78.7
2016-04-12 10:50:56.350521,78.9899,78.73,78.7
2016-04-12 10:50:56.503697,78.9899,78.73,78.7
2016-04-12 10:50:56.648409,78.9899,78.73,78.7
2016-04-12 10:50:56.795964,78.9899,78.73,78.7
2016-04-12 10:50:56.958706,78.9899,78.73,78.7
2016-04-12 10:50:57.105743,78.9899,78.73,78.7
2016-04-12 10:50:57.283435,78.9899,78.73,78.7
2016-04-12 10:50:57.429147,78.9899,78.73,78.7
2016-04-12 10:50:57.579371,78.9899,78.73,78.7
2016-04-12 10:50:57.729378,78.9899,78.73,78.7
2016-04-12 10:50:57.910601,78.9899,78.73,78.7
2016-04-12 10:50:58.064671,78.9899,78.73,78.7
2016-04-12 10:50:58.213317,78.9899,78.73,78.7
2016-04-12 10:50:58.362587,78.9899,78.73,78.7
2016-04-12 10:50:58.511426,78.9899,78.73,78.7
2016-04-12 10:50:58.695663,78.9899,78.73,78.7
2016-04-12 10:50:58.841130,78.9899,78.73,78.7
2016-04-12 10:50:58.991842,78.9899,78.73,78.7
2016-04-12 10:50:59.143339,78.9899,78.73,78.7
2016-04-12 10:50:59.292867,78.9899,78.73,78.7
2016-04-12 10:50:59.443050,78.9899,78.73,78.7
2016-04-12 10:50:59.610321,78.9899,78.73,78.7
2016-04-12 10:50:59.759925,78.9899,78.73,78.7
2016-04-12 10:50:59.939027,78.9899,78.73,78.7
2016-04-12 10:51:00.092794,78.9899,78.73,78.7
2016-04-12 10:51:00.241617,78.9899,78.73,78.7
2016-04-12 10:51:00.399366,78.9899,78.73,78.7
2016-04-12 10:51:00.549196,78.9899,78.73,78.7
2016-04-12 10:51:00.705210,78.9899,78.73,78.7
2016-04-12 10:51:00.857256,78.9899,78.73,78.7
2016-04-12 10:51:01.005571,78.9899,78.73,78.7
2016-04-12 10:51:01.154597,78.9899,78.73,78.7
2016-04-12 10:51:01.301985,78.9899,78.73,78.7
2016-04-12 10:51:01.454971,78.9899,78.73,78.7
2016-04-12 10:51:01.607152,78.9899,78.73,78.7
2016-04-12 10:51:01.754849,78.9899,78.73,78.7
2016-04-12 10:51:01.900100,78.9899,78.73,78.7
2016-04-12 10:51:02.047190,78.9899,78.73,78.7
2016-04-12 10:51:02.201237,78.9899,78.73,78.7
2016-04-12 10:51:02.350070,78.9899,78.73,78.7
2016-04-12 10:51:02.497699,78.9899,78.73,78.7
2016-04-12 10:51:02.644771,78.9899,78.73,78.7
2016-04-12 10:51:02.796310,78.9899,78.73,78.7
2016-04-12 10:51:02.957767,78.9899,78.73,78.7
2016-04-12 10:51:03.103312,78.9899,78.73,78.7
2016-04-12 10:51:03.257228,78.9899,78.73,78.7
2016-04-12 10:51:03.410344,78.9899,78.73,78.7
2016-04-12 10:51:03.564653,78.9899,78.73,78.7
2016-04-12 10:51:03.732721,78.9899,78.73,78.7
2016-04-12 10:51:03.887487,78.9899,78.73,78.7
2016-04-12 10:51:04.039441,78.9899,78.73,78.7
2016-04-12 10:51:04.210137,78.9899,78.73,78.7
2016-04-12 10:51:04.430312,78.9899,78.73,78.7
2016-04-12 10:51:04.605470,78.9899,78.73,78.7
2016-04-12 10:51:04.763761,78.9899,78.73,78.7
2016-04-12 10:51:04.914639,78.9899,78.73,78.7
2016-04-12 10:51:05.063592,78.9899,78.73,78.7
2016-04-12 10:51:05.213180,78.9899,78.73,78.7
2016-04-12 10:51:05.361037,78.9899,78.73,78.7
2016-04-12 10:51:05.505865,78.9899,78.73,78.7
2016-04-12 10:51:05.655671,78.9899,78.73,78.7
2016-04-12 10:51:05.804685,78.9899,78.73,78.7
2016-04-12 10:51:05.953107,78.9899,78.73,78.7
2016-04-12 10:51:06.102213,78.9899,78.73,78.7
2016-04-12 10:51:06.286122,78.9899,78.73,78.7
2016-04-12 10:51:06.449500,78.9899,78.73,78.7
2016-04-12 10:51:06.597402,78.9899,78.73,78.7
2016-04-12 10:51:06.747914,78.9899,78.73,78.7
2016-04-12 10:51:06.897085,78.9899,78.73,78.7
2016-04-12 10:51:07.046043,78.9899,78.73,78.7
2016-04-12 10:51:07.197209,79.05,78.73,78.7
2016-04-12 10:51:07.343637,79.05,78.73,78.7
2016-04-12 10:51:07.491227,79.05,78.73,78.7
2016-04-12 10:51:07.638009,79.05,78.73,78.7
2016-04-12 10:51:07.784482,79.05,78.73,78.7
2016-04-12 10:51:07.937232,79.05,78.73,78.7
2016-04-12 10:51:08.084171,79.05,78.73,78.7
2016-04-12 10:51:08.238224,79.05,78.73,78.7
2016-04-12 10:51:08.390616,79.05,78.73,78.7
2016-04-12 10:51:08.538194,79.07,78.73,78.7
2016-04-12 10:51:08.694215,79.07,78.73,78.7
2016-04-12 10:51:08.842652,79.07,78.73,78.7
2016-04-12 10:51:08.990539,79.07,78.73,78.7
2016-04-12 10:51:09.137317,79.07,78.73,78.7
2016-04-12 10:51:09.684687,79.07,78.73,78.7
2016-04-12 10:51:10.138077,79.07,78.73,78.7
2016-04-12 10:51:10.610174,79.07,78.73,78.7
2016-04-12 10:51:11.328999,79.0,78.73,78.7
2016-04-12 10:51:11.840825,79.03,78.73,78.7
2016-04-12 10:51:12.381740,78.98,78.73,78.7
2016-04-12 10:51:12.962908,78.98,78.73,78.7
2016-04-12 10:51:13.206292,78.98,78.73,78.7
2016-04-12 10:51:13.679140,78.98,78.73,78.7
2016-04-12 10:51:14.200873,78.98,78.73,78.7
2016-04-12 10:51:14.731488,78.95,78.73,78.7
2016-04-12 10:51:14.887184,78.95,78.73,78.7
2016-04-12 10:51:15.519392,78.95,78.73,78.7
2016-04-12 10:51:16.137305,78.95,78.73,78.7
2016-04-12 10:51:16.823635,78.95,78.73,78.7
2016-04-12 10:51:17.351531,78.95,78.73,78.7
2016-04-12 10:51:17.883809,78.97,78.73,78.7
2016-04-12 10:51:18.388236,78.97,78.73,78.7
2016-04-12 10:51:18.973642,78.97,78.73,78.7
2016-04-12 10:51:19.515958,78.97,78.73,78.7
2016-04-12 10:51:20.028960,78.97,78.73,78.7
2016-04-12 10:51:20.590531,78.98,78.73,78.7
2016-04-12 10:51:20.743043,78.98,78.73,78.7
2016-04-12 10:51:21.292893,78.98,78.73,78.7
2016-04-12 10:51:21.438631,78.98,78.73,78.7
2016-04-12 10:51:21.611765,78.98,78.73,78.7
2016-04-12 10:51:21.795087,78.98,78.73,78.7
2016-04-12 10:51:21.944137,78.98,78.73,78.7
2016-04-12 10:51:22.092127,78.98,78.73,78.7
2016-04-12 10:51:22.248034,78.98,78.73,78.7
2016-04-12 10:51:22.401405,78.98,78.73,78.7
2016-04-12 10:51:22.561038,78.98,78.73,78.7
2016-04-12 10:51:22.713123,78.98,78.73,78.7
2016-04-12 10:51:22.862248,78.98,78.73,78.7
2016-04-12 10:51:23.006002,78.98,78.73,78.7
2016-04-12 10:51:23.156801,78.98,78.73,78.7
2016-04-12 10:51:23.304941,78.98,78.73,78.7
2016-04-12 10:51:23.456134,78.98,78.73,78.7
2016-04-12 10:51:23.623446,78.98,78.73,78.7
2016-04-12 10:51:23.826154,78.98,78.73,78.7
2016-04-12 10:51:23.980663,78.98,78.73,78.7
2016-04-12 10:51:24.137937,78.98,78.73,78.7
2016-04-12 10:51:24.305938,78.98,78.73,78.7
2016-04-12 10:51:24.470608,78.98,78.73,78.7
2016-04-12 10:51:24.629251,78.98,78.73,78.7
2016-04-12 10:51:24.784823,78.98,78.69,78.65
2016-04-12 10:51:24.941444,78.98,78.69,78.65
2016-04-12 10:51:25.089563,78.98,78.69,78.65
2016-04-12 10:51:25.265395,78.98,78.69,78.65
2016-04-12 10:51:25.410790,78.98,78.69,78.65
2016-04-12 10:51:25.565522,78.98,78.69,78.65
2016-04-12 10:51:25.714353,78.98,78.69,78.65
2016-04-12 10:51:25.860014,78.98,78.69,78.65
2016-04-12 10:51:26.008928,78.98,78.69,78.65
2016-04-12 10:51:26.183517,78.98,78.69,78.65
2016-04-12 10:51:26.338060,78.98,78.69,78.65
2016-04-12 10:51:26.488054,78.98,78.69,78.65
2016-04-12 10:51:26.639419,78.98,78.69,78.65
2016-04-12 10:51:26.787439,78.98,78.69,78.65
2016-04-12 10:51:26.937132,78.98,78.69,78.65
2016-04-12 10:51:27.086243,78.98,78.69,78.65
2016-04-12 10:51:27.234004,78.98,78.69,78.65
2016-04-12 10:51:27.381654,78.98,78.69,78.65
2016-04-12 10:51:27.528930,78.98,78.69,78.65
2016-04-12 10:51:27.676617,78.98,78.69,78.65
2016-04-12 10:51:27.825662,78.98,78.69,78.65
2016-04-12 10:51:27.971831,78.98,78.69,78.65
2016-04-12 10:51:28.124151,78.98,78.69,78.65
2016-04-12 10:51:28.285483,78.98,78.69,78.65
2016-04-12 10:51:28.438136,78.98,78.69,78.65
2016-04-12 10:51:28.589085,78.98,78.69,78.65
2016-04-12 10:51:28.920979,78.98,78.69,78.65
2016-04-12 10:51:29.069541,78.98,78.69,78.65
2016-04-12 10:51:29.223362,78.98,78.69,78.65
2016-04-12 10:51:29.371321,78.98,78.69,78.65
2016-04-12 10:51:29.523867,78.98,78.69,78.65
2016-04-12 10:51:29.667692,78.98,78.69,78.65
2016-04-12 10:51:29.812745,78.98,78.69,78.65
2016-04-12 10:51:30.003243,78.98,78.69,78.65
2016-04-12 10:51:30.149788,78.98,78.69,78.65
2016-04-12 10:51:30.296646,78.98,78.69,78.65
2016-04-12 10:51:30.449378,78.98,78.69,78.65
2016-04-12 10:51:30.593808,78.98,78.69,78.65
2016-04-12 10:51:30.737650,78.98,78.69,78.65
2016-04-12 10:51:30.884824,78.98,78.69,78.65
2016-04-12 10:51:31.033469,78.98,78.69,78.65
2016-04-12 10:51:31.197277,78.98,78.69,78.65
2016-04-12 10:51:31.707225,78.98,78.69,78.65
2016-04-12 10:51:31.856791,78.98,78.69,78.65
2016-04-12 10:51:32.011257,78.98,78.69,78.65
2016-04-12 10:51:32.160614,78.98,78.69,78.65
2016-04-12 10:51:32.328805,78.98,78.69,78.65
2016-04-12 10:51:32.478648,78.98,78.69,78.65
2016-04-12 10:51:32.631302,78.98,78.69,78.65
2016-04-12 10:51:32.782911,78.98,78.69,78.65
2016-04-12 10:51:32.934020,78.98,78.69,78.65
2016-04-12 10:51:33.092641,78.98,78.69,78.65
2016-04-12 10:51:33.237788,78.98,78.69,78.65
2016-04-12 10:51:33.387534,78.98,78.69,78.65
2016-04-12 10:51:33.573106,78.98,78.69,78.65
2016-04-12 10:51:33.727451,78.98,78.69,78.65
2016-04-12 10:51:33.880008,78.98,78.69,78.65
2016-04-12 10:51:34.047735,78.98,78.69,78.65
2016-04-12 10:51:34.203772,78.98,78.69,78.65
2016-04-12 10:51:34.352825,78.98,78.69,78.65
2016-04-12 10:51:34.502345,78.98,78.69,78.65
2016-04-12 10:51:34.656652,78.98,78.69,78.65
2016-04-12 10:51:34.808012,78.98,78.69,78.65
2016-04-12 10:51:34.966005,78.98,78.69,78.65
2016-04-12 10:51:35.120694,78.98,78.69,78.65
2016-04-12 10:51:35.273204,78.98,78.69,78.65
2016-04-12 10:51:35.428021,78.98,78.69,78.65
2016-04-12 10:51:35.583084,78.98,78.69,78.65
2016-04-12 10:51:35.738989,78.98,78.69,78.65
2016-04-12 10:51:35.894738,78.98,78.69,78.65
2016-04-12 10:51:36.046969,78.98,78.69,78.65
2016-04-12 10:51:36.199847,78.98,78.69,78.65
2016-04-12 10:51:36.363900,78.98,78.69,78.65
2016-04-12 10:51:36.531524,78.98,78.69,78.65
2016-04-12 10:51:36.684006,78.98,78.69,78.65
2016-04-12 10:51:36.837403,78.98,78.69,78.65
2016-04-12 10:51:37.042696,78.98,78.69,78.65
2016-04-12 10:51:37.192470,78.98,78.69,78.65
2016-04-12 10:51:37.344488,78.98,78.69,78.65
2016-04-12 10:51:37.501986,78.98,78.69,78.65
2016-04-12 10:51:37.660030,78.98,78.69,78.65
2016-04-12 10:51:37.814345,78.98,78.69,78.65
2016-04-12 10:51:37.967942,78.98,78.69,78.65
2016-04-12 10:51:38.119806,78.98,78.69,78.65
2016-04-12 10:51:38.271318,78.98,78.69,78.65
2016-04-12 10:51:38.495361,78.98,78.69,78.65
2016-04-12 10:51:38.655766,78.98,78.69,78.65
2016-04-12 10:51:38.822166,78.98,78.69,78.65
2016-04-12 10:51:38.996235,78.98,78.69,78.65
2016-04-12 10:51:39.163791,78.98,78.69,78.65
2016-04-12 10:51:39.854295,78.98,78.69,78.65
2016-04-12 10:51:40.186700,78.98,78.69,78.65
2016-04-12 10:51:40.837971,78.98,78.69,78.65
2016-04-12 10:51:41.380609,78.98,78.69,78.65
2016-04-12 10:51:42.695665,78.98,78.69,78.65
2016-04-12 10:51:43.434610,78.98,78.69,78.65
2016-04-12 10:51:43.864958,78.98,78.69,78.65
2016-04-12 10:51:44.862698,78.98,78.69,78.65
2016-04-12 10:51:45.523800,78.98,78.69,78.65
2016-04-12 10:51:46.178366,79.01,78.69,78.65
2016-04-12 10:51:46.834387,79.01,78.69,78.65
2016-04-12 10:51:47.008487,79.01,78.69,78.65
2016-04-12 10:51:47.161118,79.01,78.69,78.65
2016-04-12 10:51:47.320932,79.01,78.69,78.65
2016-04-12 10:51:47.474838,79.01,78.69,78.65
2016-04-12 10:51:47.629817,79.01,78.69,78.65
2016-04-12 10:51:47.790565,79.01,78.69,78.65
2016-04-12 10:51:47.964442,79.01,78.69,78.65
2016-04-12 10:51:48.119169,79.01,78.69,78.65
2016-04-12 10:51:48.275328,79.01,78.69,78.65
2016-04-12 10:51:48.429296,79.01,78.69,78.65
2016-04-12 10:51:48.590941,79.01,78.69,78.65
2016-04-12 10:51:48.747507,79.01,78.69,78.65
2016-04-12 10:51:48.907132,79.01,78.69,78.65
2016-04-12 10:51:49.065114,79.01,78.69,78.65
2016-04-12 10:51:49.233541,79.01,78.69,78.65
2016-04-12 10:51:49.394963,79.01,78.69,78.65
2016-04-12 10:51:49.553701,79.01,78.69,78.65
2016-04-12 10:51:49.718533,79.01,78.69,78.65
2016-04-12 10:51:49.880413,79.01,78.69,78.65
2016-04-12 10:51:50.050683,79.01,78.69,78.65
2016-04-12 10:51:50.240601,79.01,78.69,78.65
2016-04-12 10:51:50.447936,79.01,78.69,78.65
2016-04-12 10:51:50.622975,79.01,78.69,78.65
2016-04-12 10:51:50.783769,79.01,78.69,78.65
2016-04-12 10:51:50.951675,79.01,78.69,78.65
2016-04-12 10:51:51.125532,79.01,78.69,78.65
2016-04-12 10:51:51.275970,79.01,78.69,78.65
2016-04-12 10:51:51.428029,79.01,78.69,78.65
2016-04-12 10:51:51.585970,79.01,78.69,78.65
2016-04-12 10:51:51.743173,79.01,78.69,78.65
2016-04-12 10:51:51.917812,79.01,78.69,78.65
2016-04-12 10:51:52.068811,79.01,78.69,78.65
2016-04-12 10:51:52.221921,79.01,78.69,78.65
2016-04-12 10:51:52.373451,79.01,78.69,78.65
2016-04-12 10:51:53.064546,79.01,78.69,78.65
2016-04-12 10:51:53.217989,79.01,78.69,78.65
2016-04-12 10:51:53.370243,79.01,78.69,78.65
2016-04-12 10:51:53.526168,79.01,78.69,78.65
2016-04-12 10:51:53.681537,79.01,78.69,78.65
2016-04-12 10:51:53.842528,79.01,78.69,78.65
2016-04-12 10:51:54.007860,79.01,78.69,78.65
2016-04-12 10:51:54.159424,79.01,78.69,78.65
2016-04-12 10:51:54.311110,79.01,78.69,78.65
2016-04-12 10:51:54.469501,79.01,78.69,78.65
2016-04-12 10:51:54.621097,79.01,78.69,78.65
2016-04-12 10:51:54.775768,79.01,78.69,78.65
2016-04-12 10:51:54.940397,79.01,78.69,78.65
2016-04-12 10:51:55.101851,79.01,78.69,78.65
2016-04-12 10:51:55.294642,79.01,78.69,78.65
2016-04-12 10:51:55.451149,79.01,78.69,78.65
2016-04-12 10:51:55.598504,79.01,78.69,78.65
2016-04-12 10:51:55.780720,79.01,78.69,78.65
2016-04-12 10:51:55.936570,79.01,78.69,78.65
2016-04-12 10:51:56.095929,79.01,78.69,78.65
2016-04-12 10:51:56.253897,79.01,78.69,78.65
2016-04-12 10:51:56.408548,79.01,78.69,78.65
2016-04-12 10:51:56.561163,79.01,78.69,78.65
2016-04-12 10:51:56.735887,79.01,78.69,78.65
2016-04-12 10:51:56.889098,79.01,78.69,78.65
2016-04-12 10:51:57.048209,79.01,78.69,78.65
2016-04-12 10:51:57.201493,79.01,78.69,78.65
2016-04-12 10:51:57.352636,79.01,78.69,78.65
2016-04-12 10:51:57.505726,79.01,78.69,78.65
2016-04-12 10:51:57.655458,79.01,78.69,78.65
2016-04-12 10:51:57.802903,79.01,78.69,78.65
2016-04-12 10:51:57.951875,79.01,78.69,78.65
2016-04-12 10:51:58.107873,79.01,78.69,78.65
2016-04-12 10:51:58.417127,79.01,78.69,78.65
2016-04-12 10:51:58.574626,79.01,78.69,78.65
2016-04-12 10:51:58.738243,79.01,78.69,78.65
2016-04-12 10:51:58.888013,79.01,78.69,78.65
2016-04-12 10:51:59.051297,79.01,78.69,78.65
2016-04-12 10:51:59.218887,79.01,78.69,78.65
2016-04-12 10:51:59.392538,79.01,78.69,78.65
2016-04-12 10:51:59.556944,79.01,78.69,78.65
2016-04-12 10:51:59.715477,79.01,78.69,78.65
2016-04-12 10:51:59.885283,79.01,78.69,78.65
2016-04-12 10:52:00.043559,79.01,78.69,78.65
2016-04-12 10:52:00.263913,79.01,78.69,78.65
2016-04-12 10:52:00.420945,79.01,78.69,78.65
2016-04-12 10:52:00.587615,79.01,78.69,78.65
2016-04-12 10:52:00.749460,79.01,78.69,78.65
2016-04-12 10:52:00.934352,79.01,78.69,78.65
2016-04-12 10:52:01.094191,79.01,78.69,78.65
2016-04-12 10:52:01.253467,79.01,78.69,78.65
2016-04-12 10:52:01.401652,79.01,78.69,78.65
2016-04-12 10:52:01.555815,79.01,78.69,78.65
2016-04-12 10:52:01.707270,79.01,78.69,78.65
2016-04-12 10:52:01.911545,79.01,78.69,78.65
2016-04-12 10:52:02.063239,79.01,78.69,78.65
2016-04-12 10:52:02.334766,79.01,78.69,78.65
2016-04-12 10:52:02.490115,79.01,78.69,78.65
2016-04-12 10:52:02.649491,79.01,78.69,78.65
2016-04-12 10:52:03.228151,79.01,78.69,78.65
2016-04-12 10:52:03.446450,79.01,78.69,78.65
2016-04-12 10:52:03.596662,79.01,78.69,78.65
2016-04-12 10:52:03.751324,79.01,78.69,78.65
2016-04-12 10:52:03.906052,79.01,78.69,78.65
2016-04-12 10:52:04.056024,79.01,78.69,78.65
2016-04-12 10:52:04.217034,79.01,78.69,78.65
2016-04-12 10:52:04.364180,79.01,78.69,78.65
2016-04-12 10:52:04.523824,79.01,78.69,78.65
2016-04-12 10:52:04.684638,79.01,78.69,78.65
2016-04-12 10:52:04.843500,79.01,78.69,78.65
2016-04-12 10:52:05.044244,79.01,78.69,78.65
2016-04-12 10:52:05.191048,79.01,78.69,78.65
2016-04-12 10:52:05.367608,79.01,78.69,78.65
2016-04-12 10:52:05.545635,79.01,78.69,78.65
2016-04-12 10:52:05.693158,79.01,78.69,78.65
2016-04-12 10:52:05.842451,79.01,78.69,78.65
2016-04-12 10:52:05.990316,79.01,78.69,78.65
2016-04-12 10:52:06.138213,79.01,78.69,78.65
2016-04-12 10:52:06.282216,79.01,78.69,78.65
2016-04-12 10:52:06.433467,79.01,78.69,78.65
2016-04-12 10:52:06.581628,79.01,78.69,78.65
2016-04-12 10:52:06.744388,79.01,78.69,78.65
2016-04-12 10:52:06.895208,79.01,78.69,78.65
2016-04-12 10:52:07.043990,79.01,78.69,78.65
2016-04-12 10:52:07.199035,79.01,78.69,78.65
2016-04-12 10:52:07.346597,79.01,78.69,78.65
2016-04-12 10:52:07.489737,79.01,78.69,78.65
2016-04-12 10:52:07.640149,79.01,78.69,78.65
2016-04-12 10:52:07.787720,79.01,78.69,78.65
2016-04-12 10:52:07.942674,79.01,78.69,78.65
2016-04-12 10:52:08.093466,79.01,78.69,78.65
2016-04-12 10:52:08.277189,79.01,78.69,78.65
2016-04-12 10:52:08.434370,79.01,78.69,78.65
2016-04-12 10:52:08.619538,79.01,78.69,78.65
2016-04-12 10:52:09.029560,79.01,78.69,78.65
2016-04-12 10:52:09.217902,79.01,78.69,78.65
2016-04-12 10:52:09.795843,79.01,78.69,78.65
2016-04-12 10:52:10.261379,79.01,78.69,78.65
2016-04-12 10:52:10.718198,79.01,78.69,78.65
2016-04-12 10:52:11.189022,79.06,78.69,78.65
2016-04-12 10:52:11.337780,79.06,78.69,78.65
2016-04-12 10:52:11.976727,79.06,78.69,78.65
2016-04-12 10:52:12.457521,79.06,78.69,78.65
2016-04-12 10:52:12.967130,79.06,78.69,78.65
2016-04-12 10:52:13.110374,79.06,78.69,78.65
2016-04-12 10:52:13.264855,79.06,78.69,78.65
2016-04-12 10:52:13.788017,79.06,78.69,78.65
2016-04-12 10:52:14.303021,79.06,78.69,78.65
2016-04-12 10:52:14.826719,79.06,78.69,78.65
2016-04-12 10:52:14.972254,79.06,78.69,78.65
2016-04-12 10:52:15.529628,79.06,78.69,78.65
2016-04-12 10:52:15.671080,79.06,78.69,78.65
2016-04-12 10:52:16.433527,79.03,78.69,78.65
2016-04-12 10:52:17.065291,79.03,78.69,78.65
2016-04-12 10:52:17.579942,79.03,78.69,78.65
2016-04-12 10:52:18.067778,79.03,78.69,78.65
2016-04-12 10:52:18.603550,79.03,78.69,78.65
2016-04-12 10:52:19.217819,79.03,78.69,78.65
2016-04-12 10:52:19.831094,79.03,78.69,78.65
2016-04-12 10:52:20.443500,79.03,78.69,78.65
2016-04-12 10:52:20.960635,79.03,78.69,78.65
2016-04-12 10:52:21.114709,79.03,78.69,78.65
2016-04-12 10:52:21.270428,79.03,78.69,78.65
2016-04-12 10:52:21.435857,79.03,78.69,78.65
2016-04-12 10:52:21.582951,79.03,78.69,78.65
2016-04-12 10:52:21.737650,79.03,78.69,78.65
2016-04-12 10:52:21.889399,79.03,78.69,78.65
2016-04-12 10:52:22.032519,79.03,78.69,78.65
2016-04-12 10:52:22.182188,79.03,78.69,78.65
2016-04-12 10:52:22.333029,79.03,78.69,78.65
2016-04-12 10:52:22.484719,79.03,78.69,78.65
2016-04-12 10:52:22.634157,79.03,78.69,78.65
2016-04-12 10:52:22.799895,79.03,78.69,78.65
2016-04-12 10:52:22.952444,79.03,78.69,78.65
2016-04-12 10:52:23.128813,79.03,78.69,78.65
2016-04-12 10:52:23.280325,79.03,78.69,78.65
2016-04-12 10:52:23.476631,79.03,78.69,78.65
2016-04-12 10:52:23.623706,79.03,78.69,78.65
2016-04-12 10:52:23.786522,79.03,78.69,78.65
2016-04-12 10:52:23.936527,79.03,78.69,78.65
2016-04-12 10:52:24.090081,79.03,78.69,78.65
2016-04-12 10:52:24.416613,79.03,78.69,78.65
2016-04-12 10:52:24.559896,79.03,78.69,78.65
2016-04-12 10:52:24.710726,79.03,78.69,78.65
2016-04-12 10:52:24.871444,79.03,78.63,78.6
2016-04-12 10:52:25.020781,79.03,78.63,78.6
2016-04-12 10:52:25.172606,79.03,78.63,78.6
2016-04-12 10:52:25.327002,79.03,78.63,78.6
2016-04-12 10:52:25.473701,79.03,78.63,78.6
2016-04-12 10:52:25.703890,79.03,78.63,78.6
2016-04-12 10:52:25.852562,79.03,78.63,78.6
2016-04-12 10:52:26.005706,79.03,78.63,78.6
2016-04-12 10:52:26.157376,79.03,78.63,78.6
2016-04-12 10:52:26.307722,79.03,78.63,78.6
2016-04-12 10:52:26.545280,79.03,78.63,78.6
2016-04-12 10:52:26.723185,79.03,78.63,78.6
2016-04-12 10:52:26.878131,79.03,78.63,78.6
2016-04-12 10:52:27.026489,79.03,78.63,78.6
2016-04-12 10:52:27.178850,79.03,78.63,78.6
2016-04-12 10:52:27.331791,79.03,78.63,78.6
2016-04-12 10:52:27.487078,79.03,78.63,78.6
2016-04-12 10:52:27.631457,79.03,78.63,78.6
2016-04-12 10:52:27.780035,79.03,78.63,78.6
2016-04-12 10:52:27.931044,79.03,78.63,78.6
2016-04-12 10:52:28.084349,79.03,78.63,78.6
2016-04-12 10:52:28.247809,79.03,78.63,78.6
2016-04-12 10:52:28.391797,79.03,78.63,78.6
2016-04-12 10:52:28.549253,79.03,78.63,78.6
2016-04-12 10:52:28.693593,79.03,78.63,78.6
2016-04-12 10:52:28.838699,79.03,78.63,78.6
2016-04-12 10:52:28.988661,79.03,78.63,78.6
2016-04-12 10:52:29.138974,79.03,78.63,78.6
2016-04-12 10:52:29.292452,79.03,78.63,78.6
2016-04-12 10:52:29.442139,79.03,78.63,78.6
2016-04-12 10:52:29.589695,79.03,78.63,78.6
2016-04-12 10:52:29.738745,79.03,78.63,78.6
2016-04-12 10:52:29.887390,79.03,78.63,78.6
2016-04-12 10:52:30.034462,79.03,78.63,78.6
2016-04-12 10:52:30.181786,79.03,78.63,78.6
2016-04-12 10:52:30.328931,79.03,78.63,78.6
2016-04-12 10:52:30.470476,79.03,78.63,78.6
2016-04-12 10:52:30.616560,79.03,78.63,78.6
2016-04-12 10:52:30.757399,79.03,78.63,78.6
2016-04-12 10:52:30.910433,79.03,78.63,78.6
2016-04-12 10:52:31.061651,79.03,78.63,78.6
2016-04-12 10:52:31.220280,79.03,78.63,78.6
2016-04-12 10:52:31.372280,79.03,78.63,78.6
2016-04-12 10:52:31.520737,79.03,78.63,78.6
2016-04-12 10:52:31.670634,79.03,78.63,78.6
2016-04-12 10:52:31.820632,79.03,78.63,78.6
2016-04-12 10:52:31.976911,79.03,78.63,78.6
2016-04-12 10:52:32.126463,79.03,78.63,78.6
2016-04-12 10:52:32.271137,79.03,78.63,78.6
2016-04-12 10:52:32.415880,79.03,78.63,78.6
2016-04-12 10:52:32.565503,79.03,78.63,78.6
2016-04-12 10:52:32.723169,79.03,78.63,78.6
2016-04-12 10:52:32.874083,79.03,78.63,78.6
2016-04-12 10:52:33.034796,79.03,78.63,78.6
2016-04-12 10:52:33.184874,79.03,78.63,78.6
2016-04-12 10:52:33.349022,79.03,78.63,78.6
2016-04-12 10:52:33.502417,79.03,78.63,78.6
2016-04-12 10:52:33.656555,79.03,78.63,78.6
2016-04-12 10:52:33.810748,79.03,78.63,78.6
2016-04-12 10:52:33.967367,79.03,78.63,78.6
2016-04-12 10:52:34.119341,79.03,78.63,78.6
2016-04-12 10:52:34.276043,79.03,78.63,78.6
2016-04-12 10:52:34.455355,79.03,78.63,78.6
2016-04-12 10:52:34.616510,79.03,78.63,78.6
2016-04-12 10:52:34.780603,79.03,78.63,78.6
2016-04-12 10:52:34.934375,79.03,78.63,78.6
2016-04-12 10:52:35.087351,79.03,78.63,78.6
2016-04-12 10:52:35.238236,79.03,78.63,78.6
2016-04-12 10:52:35.395067,79.03,78.63,78.6
2016-04-12 10:52:35.550051,79.06,78.63,78.6
2016-04-12 10:52:35.698644,79.06,78.63,78.6
2016-04-12 10:52:35.848014,79.06,78.63,78.6
2016-04-12 10:52:35.994884,79.06,78.63,78.6
2016-04-12 10:52:36.147315,79.06,78.63,78.6
2016-04-12 10:52:36.294730,79.06,78.63,78.6
2016-04-12 10:52:36.444301,79.06,78.63,78.6
2016-04-12 10:52:36.594665,79.06,78.63,78.6
2016-04-12 10:52:36.749300,79.06,78.63,78.6
2016-04-12 10:52:36.900857,79.06,78.63,78.6
2016-04-12 10:52:37.048314,79.06,78.63,78.6
2016-04-12 10:52:37.201079,79.06,78.63,78.6
2016-04-12 10:52:37.441785,79.06,78.63,78.6
2016-04-12 10:52:37.780077,79.06,78.63,78.6
2016-04-12 10:52:37.930144,79.06,78.63,78.6
2016-04-12 10:52:38.089651,79.06,78.63,78.6
2016-04-12 10:52:38.251902,79.06,78.63,78.6
2016-04-12 10:52:38.403775,79.06,78.77,78.72
2016-04-12 10:52:38.554149,79.06,78.77,78.72
2016-04-12 10:52:38.699819,79.06,78.77,78.72
2016-04-12 10:52:38.852489,79.06,78.77,78.72
2016-04-12 10:52:39.012533,79.06,78.77,78.72
2016-04-12 10:52:39.169657,79.06,78.77,78.72
2016-04-12 10:52:39.347813,79.06,78.77,78.72
2016-04-12 10:52:39.499711,79.06,78.77,78.72
2016-04-12 10:52:39.650859,79.05,78.77,78.72
2016-04-12 10:52:39.797407,79.05,78.77,78.72
2016-04-12 10:52:39.947728,79.05,78.77,78.72
2016-04-12 10:52:40.095903,79.05,78.77,78.72
2016-04-12 10:52:40.247738,79.05,78.77,78.72
2016-04-12 10:52:40.417484,79.05,78.77,78.72
2016-04-12 10:52:40.573918,79.05,78.77,78.72
2016-04-12 10:52:40.726974,79.05,78.77,78.72
2016-04-12 10:52:40.885210,79.05,78.77,78.72
2016-04-12 10:52:41.049362,79.05,78.77,78.72
2016-04-12 10:52:41.207617,79.05,78.77,78.72
2016-04-12 10:52:41.354639,79.05,78.77,78.72
2016-04-12 10:52:41.503296,79.05,78.77,78.72
2016-04-12 10:52:41.667738,79.05,78.77,78.72
2016-04-12 10:52:41.832554,79.05,78.77,78.72
2016-04-12 10:52:41.981735,79.06,78.77,78.72
2016-04-12 10:52:42.129128,79.06,78.77,78.72
2016-04-12 10:52:42.276485,79.06,78.77,78.72
2016-04-12 10:52:42.427070,79.06,78.77,78.72
2016-04-12 10:52:42.581417,79.03,78.77,78.72
2016-04-12 10:52:42.732498,79.03,78.77,78.72
2016-04-12 10:52:42.900860,79.03,78.77,78.72
2016-04-12 10:52:43.051404,79.03,78.77,78.72
2016-04-12 10:52:43.205654,79.03,78.77,78.72
2016-04-12 10:52:43.353630,79.03,78.77,78.72
2016-04-12 10:52:43.511802,79.03,78.77,78.72
2016-04-12 10:52:43.914269,79.03,78.77,78.72
2016-04-12 10:52:44.078372,79.03,78.77,78.72
2016-04-12 10:52:44.230837,79.03,78.77,78.72
2016-04-12 10:52:44.391877,79.03,78.77,78.72
2016-04-12 10:52:44.553620,79.03,78.77,78.72
2016-04-12 10:52:44.707111,79.03,78.77,78.72
2016-04-12 10:52:44.867702,79.03,78.77,78.72
2016-04-12 10:52:45.030535,79.03,78.77,78.72
2016-04-12 10:52:45.184161,79.03,78.77,78.72
2016-04-12 10:52:45.334141,79.03,78.77,78.72
2016-04-12 10:52:45.490798,79.03,78.77,78.72
2016-04-12 10:52:45.642286,79.03,78.77,78.72
2016-04-12 10:52:45.796810,79.03,78.77,78.72
2016-04-12 10:52:45.946696,79.03,78.77,78.72
2016-04-12 10:52:46.098038,79.03,78.77,78.72
2016-04-12 10:52:46.253918,79.03,78.77,78.72
2016-04-12 10:52:46.403535,79.03,78.77,78.72
2016-04-12 10:52:46.644575,79.03,78.77,78.72
2016-04-12 10:52:46.834359,79.03,78.77,78.72
2016-04-12 10:52:46.991207,79.03,78.77,78.72
2016-04-12 10:52:47.146856,79.03,78.77,78.72
2016-04-12 10:52:47.889171,79.03,78.77,78.72
2016-04-12 10:52:48.071377,79.03,78.77,78.72
2016-04-12 10:52:48.219863,79.03,78.77,78.72
2016-04-12 10:52:48.375893,79.03,78.77,78.72
2016-04-12 10:52:48.540313,79.03,78.77,78.72
2016-04-12 10:52:48.696107,79.03,78.77,78.72
2016-04-12 10:52:48.858743,79.03,78.77,78.72
2016-04-12 10:52:49.009752,79.03,78.77,78.72
2016-04-12 10:52:49.200232,79.03,78.77,78.72
2016-04-12 10:52:49.350258,79.03,78.77,78.72
2016-04-12 10:52:49.503671,79.03,78.77,78.72
2016-04-12 10:52:49.655420,79.03,78.77,78.72
2016-04-12 10:52:49.828229,79.03,78.77,78.72
2016-04-12 10:52:49.985931,79.03,78.77,78.72
2016-04-12 10:52:50.136073,79.03,78.77,78.72
2016-04-12 10:52:50.289723,79.03,78.77,78.72
2016-04-12 10:52:50.447832,79.03,78.77,78.72
2016-04-12 10:52:50.595630,79.03,78.77,78.72
2016-04-12 10:52:50.745609,79.03,78.77,78.72
2016-04-12 10:52:50.896541,79.03,78.77,78.72
2016-04-12 10:52:51.046238,79.03,78.77,78.72
2016-04-12 10:52:51.198744,79.03,78.77,78.72
2016-04-12 10:52:51.356873,79.03,78.77,78.72
2016-04-12 10:52:51.508847,79.03,78.77,78.72
2016-04-12 10:52:51.658037,79.03,78.77,78.72
2016-04-12 10:52:51.809123,79.03,78.77,78.72
2016-04-12 10:52:51.996135,79.03,78.77,78.72
2016-04-12 10:52:52.151226,79.03,78.77,78.72
2016-04-12 10:52:52.305544,79.03,78.77,78.72
2016-04-12 10:52:52.462870,79.03,78.77,78.72
2016-04-12 10:52:52.610912,79.03,78.77,78.72
2016-04-12 10:52:52.763064,79.03,78.77,78.72
2016-04-12 10:52:52.916361,79.03,78.77,78.72
2016-04-12 10:52:53.108612,79.03,78.77,78.72
2016-04-12 10:52:53.270069,79.03,78.77,78.72
2016-04-12 10:52:53.417779,79.03,78.77,78.72
2016-04-12 10:52:53.564852,79.03,78.77,78.72
2016-04-12 10:52:53.715736,79.03,78.77,78.72
2016-04-12 10:52:53.877893,79.03,78.77,78.72
2016-04-12 10:52:54.029623,79.03,78.77,78.72
2016-04-12 10:52:54.200976,79.03,78.77,78.72
2016-04-12 10:52:54.363417,79.03,78.77,78.72
2016-04-12 10:52:54.532528,79.03,78.77,78.72
2016-04-12 10:52:54.680944,79.03,78.77,78.72
2016-04-12 10:52:54.832785,79.03,78.77,78.72
2016-04-12 10:52:54.997428,79.03,78.77,78.72
2016-04-12 10:52:55.146427,79.03,78.77,78.72
2016-04-12 10:52:55.298500,79.03,78.77,78.72
2016-04-12 10:52:55.448993,79.03,78.77,78.72
2016-04-12 10:52:55.598032,79.03,78.77,78.72
2016-04-12 10:52:55.786173,79.03,78.77,78.72
2016-04-12 10:52:55.940525,79.03,78.77,78.72
2016-04-12 10:52:56.092291,79.03,78.77,78.72
2016-04-12 10:52:56.246161,79.03,78.77,78.72
2016-04-12 10:52:56.408282,79.03,78.77,78.72
2016-04-12 10:52:56.560733,79.03,78.77,78.72
2016-04-12 10:52:56.710571,79.03,78.77,78.72
2016-04-12 10:52:56.862121,79.03,78.77,78.72
2016-04-12 10:52:57.026671,79.03,78.77,78.72
2016-04-12 10:52:57.176663,79.03,78.77,78.72
2016-04-12 10:52:57.329585,79.03,78.77,78.72
2016-04-12 10:52:57.499551,79.03,78.77,78.72
2016-04-12 10:52:58.065801,79.03,78.77,78.72
2016-04-12 10:52:58.211763,79.03,78.77,78.72
2016-04-12 10:52:58.357523,79.03,78.77,78.72
2016-04-12 10:52:58.510116,79.03,78.77,78.72
2016-04-12 10:52:58.665917,79.03,78.77,78.72
2016-04-12 10:52:58.830319,79.03,78.77,78.72
2016-04-12 10:52:59.005864,79.03,78.77,78.72
2016-04-12 10:52:59.167762,79.03,78.77,78.72
2016-04-12 10:52:59.331943,79.03,78.77,78.72
2016-04-12 10:52:59.510130,79.03,78.77,78.72
2016-04-12 10:52:59.687718,79.03,78.77,78.72
2016-04-12 10:53:00.089304,79.03,78.77,78.72
2016-04-12 10:53:00.242492,79.03,78.77,78.72
2016-04-12 10:53:00.388387,79.03,78.77,78.72
2016-04-12 10:53:00.535860,79.03,78.77,78.72
2016-04-12 10:53:00.685685,79.03,78.77,78.72
2016-04-12 10:53:00.845912,79.06,78.77,78.72
2016-04-12 10:53:01.030945,79.06,78.77,78.72
2016-04-12 10:53:01.188411,79.06,78.77,78.72
2016-04-12 10:53:01.335390,79.06,78.77,78.72
2016-04-12 10:53:01.485617,79.06,78.77,78.72
2016-04-12 10:53:01.630836,79.06,78.77,78.72
2016-04-12 10:53:01.773268,79.06,78.77,78.72
2016-04-12 10:53:01.925583,79.06,78.77,78.72
2016-04-12 10:53:02.078610,79.06,78.77,78.72
2016-04-12 10:53:02.224383,79.06,78.77,78.72
2016-04-12 10:53:02.369479,79.06,78.77,78.72
2016-04-12 10:53:02.532852,79.06,78.77,78.72
2016-04-12 10:53:02.683031,79.06,78.77,78.72
2016-04-12 10:53:02.854152,79.06,78.77,78.72
2016-04-12 10:53:03.000929,79.06,78.77,78.72
2016-04-12 10:53:03.156337,79.06,78.77,78.72
2016-04-12 10:53:03.302512,79.06,78.77,78.72
2016-04-12 10:53:03.451678,79.06,78.77,78.72
2016-04-12 10:53:04.020858,79.06,78.77,78.72
2016-04-12 10:53:04.187907,79.06,78.77,78.72
2016-04-12 10:53:04.338656,79.06,78.77,78.72
2016-04-12 10:53:04.495684,79.06,78.77,78.72
2016-04-12 10:53:04.649295,79.06,78.77,78.72
2016-04-12 10:53:04.796343,79.06,78.77,78.72
2016-04-12 10:53:04.958230,79.06,78.77,78.72
2016-04-12 10:53:05.104083,79.06,78.77,78.72
2016-04-12 10:53:05.251066,79.06,78.77,78.72
2016-04-12 10:53:05.406390,79.06,78.77,78.72
2016-04-12 10:53:05.734045,79.06,78.77,78.72
2016-04-12 10:53:05.886372,79.06,78.77,78.72
2016-04-12 10:53:06.033908,79.06,78.77,78.72
2016-04-12 10:53:06.187738,79.06,78.77,78.72
2016-04-12 10:53:06.339554,79.06,78.77,78.72
2016-04-12 10:53:06.484890,79.06,78.77,78.72
2016-04-12 10:53:06.630999,79.06,78.77,78.72
2016-04-12 10:53:06.776342,79.06,78.77,78.72
2016-04-12 10:53:06.927289,79.06,78.77,78.72
2016-04-12 10:53:07.072906,79.06,78.77,78.72
2016-04-12 10:53:07.231409,79.06,78.77,78.72
2016-04-12 10:53:07.392303,79.06,78.77,78.72
2016-04-12 10:53:07.607188,79.06,78.77,78.72
2016-04-12 10:53:07.760733,79.06,78.77,78.72
2016-04-12 10:53:07.912873,79.06,78.77,78.72
2016-04-12 10:53:08.067412,79.1,78.77,78.72
2016-04-12 10:53:08.215347,79.1,78.77,78.72
2016-04-12 10:53:08.377969,79.1,78.77,78.72
2016-04-12 10:53:08.525230,79.1,78.77,78.72
2016-04-12 10:53:08.671428,79.1,78.77,78.72
2016-04-12 10:53:08.832862,79.1,78.77,78.72
2016-04-12 10:53:08.980929,79.1,78.77,78.72
2016-04-12 10:53:09.132936,79.1,78.77,78.72
2016-04-12 10:53:09.285986,79.1,78.77,78.72
2016-04-12 10:53:09.798360,79.1,78.77,78.72
2016-04-12 10:53:10.417492,79.1,78.77,78.72
2016-04-12 10:53:10.914980,79.1,78.77,78.72
2016-04-12 10:53:11.718707,79.1,78.77,78.72
2016-04-12 10:53:12.160086,79.1,78.77,78.72
2016-04-12 10:53:12.666837,79.1,78.77,78.72
2016-04-12 10:53:13.280870,79.1,78.77,78.72
2016-04-12 10:53:13.812033,79.1,78.77,78.72
2016-04-12 10:53:14.319231,79.1,78.77,78.72
2016-04-12 10:53:14.922066,79.1,78.77,78.72
2016-04-12 10:53:15.094131,79.1,78.77,78.72
2016-04-12 10:53:15.637825,79.1,78.77,78.72
2016-04-12 10:53:15.790868,79.1,78.77,78.72
2016-04-12 10:53:15.938713,79.1,78.77,78.72
2016-04-12 10:53:16.460702,79.1,78.77,78.72
2016-04-12 10:53:17.075685,79.1,78.77,78.72
2016-04-12 10:53:17.584327,79.1,78.77,78.72
2016-04-12 10:53:18.096653,79.1,78.77,78.72
2016-04-12 10:53:18.244054,79.1,78.77,78.72
2016-04-12 10:53:18.813764,79.1,78.77,78.72
2016-04-12 10:53:19.434903,79.1,78.77,78.72
2016-04-12 10:53:20.052447,79.1,78.77,78.72
2016-04-12 10:53:20.556983,79.1,78.77,78.72
2016-04-12 10:53:21.170601,79.12,78.77,78.72
2016-04-12 10:53:21.366388,79.12,78.77,78.72
2016-04-12 10:53:21.537751,79.12,78.77,78.72
2016-04-12 10:53:21.727669,79.12,78.77,78.72
2016-04-12 10:53:21.935719,79.11,78.77,78.72
2016-04-12 10:53:22.105043,79.11,78.77,78.72
2016-04-12 10:53:22.273073,79.11,78.77,78.72
2016-04-12 10:53:22.453514,79.11,78.77,78.72
2016-04-12 10:53:22.656010,79.11,78.77,78.72
2016-04-12 10:53:22.814560,79.11,78.77,78.72
2016-04-12 10:53:23.002919,79.11,78.77,78.72
2016-04-12 10:53:23.203355,79.11,78.77,78.72
2016-04-12 10:53:23.419310,79.11,78.77,78.72
2016-04-12 10:53:23.629069,79.11,78.77,78.72
2016-04-12 10:53:23.847641,79.11,78.77,78.72
2016-04-12 10:53:24.039458,79.11,78.77,78.72
2016-04-12 10:53:24.384353,79.11,78.77,78.72
2016-04-12 10:53:24.537920,79.11,78.77,78.72
2016-04-12 10:53:24.680671,79.11,78.77,78.72
2016-04-12 10:53:24.830145,79.11,78.77,78.72
2016-04-12 10:53:24.989980,79.11,78.77,78.72
2016-04-12 10:53:25.137173,79.11,78.84,78.82
2016-04-12 10:53:25.284617,79.11,78.84,78.82
2016-04-12 10:53:25.432374,79.11,78.84,78.82
2016-04-12 10:53:25.579396,79.11,78.84,78.82
2016-04-12 10:53:25.732127,79.11,78.84,78.82
2016-04-12 10:53:25.880067,79.11,78.84,78.82
2016-04-12 10:53:26.032675,79.06,78.84,78.82
2016-04-12 10:53:26.181112,79.06,78.84,78.82
2016-04-12 10:53:26.331292,79.06,78.84,78.82
2016-04-12 10:53:26.488851,79.06,78.84,78.82
2016-04-12 10:53:26.639755,79.06,78.84,78.82
2016-04-12 10:53:26.787933,79.06,78.84,78.82
2016-04-12 10:53:26.941495,79.06,78.84,78.82
2016-04-12 10:53:27.084153,79.06,78.84,78.82
2016-04-12 10:53:27.250039,79.06,78.84,78.82
2016-04-12 10:53:27.408837,79.06,78.84,78.82
2016-04-12 10:53:27.566212,79.06,78.84,78.82
2016-04-12 10:53:27.716852,79.06,78.84,78.82
2016-04-12 10:53:27.864827,79.06,78.84,78.82
2016-04-12 10:53:28.015209,79.06,78.84,78.82
2016-04-12 10:53:28.161150,79.06,78.84,78.82
2016-04-12 10:53:28.338475,79.06,78.84,78.82
2016-04-12 10:53:28.497726,79.06,78.84,78.82
2016-04-12 10:53:28.658511,79.06,78.84,78.82
2016-04-12 10:53:28.806053,79.06,78.84,78.82
2016-04-12 10:53:28.965148,79.06,78.84,78.82
2016-04-12 10:53:29.174287,79.06,78.84,78.82
2016-04-12 10:53:29.325745,79.06,78.84,78.82
2016-04-12 10:53:29.486007,79.06,78.84,78.82
2016-04-12 10:53:29.634113,79.06,78.84,78.82
2016-04-12 10:53:29.789005,79.06,78.84,78.82
2016-04-12 10:53:29.988012,79.06,78.84,78.82
2016-04-12 10:53:30.138868,79.06,78.84,78.82
2016-04-12 10:53:31.853942,79.06,78.84,78.82
2016-04-12 10:53:32.581389,79.06,78.84,78.82
2016-04-12 10:53:33.026902,79.06,78.84,78.82
2016-04-12 10:53:33.663773,79.06,78.84,78.82
2016-04-12 10:53:34.182348,79.06,78.84,78.82
2016-04-12 10:53:35.029341,79.06,78.84,78.82
2016-04-12 10:53:35.667112,79.06,78.84,78.82
2016-04-12 10:53:36.496038,79.06,78.84,78.82
2016-04-12 10:53:37.014422,79.07,78.84,78.82
2016-04-12 10:53:37.638793,79.07,78.84,78.82
2016-04-12 10:53:38.160082,79.07,78.84,78.82
2016-04-12 10:53:38.809732,79.07,78.84,78.82
2016-04-12 10:53:39.464720,79.07,78.84,78.82
2016-04-12 10:53:39.615134,79.07,78.84,78.82
2016-04-12 10:53:39.762586,79.07,78.84,78.82
2016-04-12 10:53:39.907980,79.07,78.84,78.82
2016-04-12 10:53:40.064923,79.07,78.84,78.82
2016-04-12 10:53:40.214758,79.07,78.84,78.82
2016-04-12 10:53:40.362427,79.07,78.84,78.82
2016-04-12 10:53:40.510971,79.07,78.84,78.82
2016-04-12 10:53:40.657712,79.07,78.81,78.77
2016-04-12 10:53:40.804320,79.07,78.81,78.77
2016-04-12 10:53:40.954512,79.07,78.81,78.77
2016-04-12 10:53:41.101167,79.07,78.81,78.77
2016-04-12 10:53:41.251297,79.07,78.81,78.77
2016-04-12 10:53:41.398055,79.07,78.81,78.77
2016-04-12 10:53:41.899174,79.11,78.81,78.77
2016-04-12 10:53:42.043779,79.11,78.81,78.77
2016-04-12 10:53:42.197749,79.11,78.81,78.77
2016-04-12 10:53:42.345002,79.11,78.81,78.77
2016-04-12 10:53:42.501583,79.11,78.81,78.77
2016-04-12 10:53:42.649896,79.11,78.81,78.77
2016-04-12 10:53:42.797521,79.11,78.81,78.77
2016-04-12 10:53:42.947905,79.11,78.81,78.77
2016-04-12 10:53:43.095867,79.11,78.81,78.77
2016-04-12 10:53:43.260237,79.11,78.81,78.77
2016-04-12 10:53:43.410478,79.11,78.81,78.77
2016-04-12 10:53:43.572703,79.11,78.81,78.77
2016-04-12 10:53:43.798655,79.11,78.81,78.77
2016-04-12 10:53:43.953427,79.11,78.81,78.77
2016-04-12 10:53:44.100825,79.11,78.81,78.77
2016-04-12 10:53:44.246827,79.11,78.81,78.77
2016-04-12 10:53:44.400857,79.11,78.81,78.77
2016-04-12 10:53:44.551693,79.11,78.81,78.77
2016-04-12 10:53:44.709813,79.11,78.81,78.77
2016-04-12 10:53:44.857756,79.11,78.81,78.77
2016-04-12 10:53:45.002807,79.11,78.81,78.77
2016-04-12 10:53:45.151278,79.11,78.81,78.77
2016-04-12 10:53:45.295990,79.11,78.81,78.77
2016-04-12 10:53:45.448500,79.11,78.81,78.77
2016-04-12 10:53:45.599636,79.11,78.81,78.77
2016-04-12 10:53:45.786028,79.11,78.81,78.77
2016-04-12 10:53:45.935755,79.11,78.81,78.77
2016-04-12 10:53:46.085619,79.11,78.81,78.77
2016-04-12 10:53:46.245062,79.11,78.81,78.77
2016-04-12 10:53:46.395358,79.11,78.81,78.77
2016-04-12 10:53:46.544188,79.11,78.81,78.77
2016-04-12 10:53:46.691886,79.11,78.81,78.77
2016-04-12 10:53:46.838239,79.11,78.81,78.77
2016-04-12 10:53:46.986221,79.11,78.81,78.77
2016-04-12 10:53:47.141101,79.11,78.81,78.77
2016-04-12 10:53:47.296474,79.11,78.81,78.77
2016-04-12 10:53:47.445886,79.11,78.81,78.77
2016-04-12 10:53:47.590353,79.11,78.81,78.77
2016-04-12 10:53:47.736548,79.11,78.81,78.77
2016-04-12 10:53:47.882938,79.11,78.81,78.77
2016-04-12 10:53:48.031173,79.11,78.81,78.77
2016-04-12 10:53:48.175695,79.11,78.81,78.77
2016-04-12 10:53:48.327032,79.11,78.81,78.77
2016-04-12 10:53:48.474729,79.11,78.81,78.77
2016-04-12 10:53:48.632513,79.11,78.81,78.77
2016-04-12 10:53:48.784073,79.11,78.81,78.77
2016-04-12 10:53:48.939310,79.11,78.81,78.77
2016-04-12 10:53:49.085875,79.11,78.81,78.77
2016-04-12 10:53:49.235565,79.11,78.81,78.77
2016-04-12 10:53:49.383692,79.11,78.81,78.77
2016-04-12 10:53:49.533699,79.11,78.81,78.77
2016-04-12 10:53:49.685352,79.11,78.81,78.77
2016-04-12 10:53:49.835995,79.11,78.81,78.77
2016-04-12 10:53:50.017691,79.11,78.81,78.77
2016-04-12 10:53:50.174324,79.11,78.81,78.77
2016-04-12 10:53:50.325003,79.11,78.81,78.77
2016-04-12 10:53:50.475037,79.11,78.81,78.77
2016-04-12 10:53:50.623743,79.11,78.81,78.77
2016-04-12 10:53:50.768514,79.11,78.81,78.77
2016-04-12 10:53:50.921521,79.11,78.81,78.77
2016-04-12 10:53:51.084914,79.11,78.81,78.77
2016-04-12 10:53:51.237622,79.11,78.81,78.77
2016-04-12 10:53:51.384053,79.11,78.81,78.77
2016-04-12 10:53:51.537469,79.11,78.81,78.77
2016-04-12 10:53:51.695278,79.11,78.81,78.77
2016-04-12 10:53:52.274404,79.11,78.81,78.77
2016-04-12 10:53:52.418554,79.11,78.81,78.77
2016-04-12 10:53:52.561281,79.11,78.81,78.77
2016-04-12 10:53:52.728747,79.11,78.81,78.77
2016-04-12 10:53:52.885727,79.11,78.81,78.77
2016-04-12 10:53:53.033482,79.11,78.81,78.77
2016-04-12 10:53:53.183395,79.11,78.81,78.77
2016-04-12 10:53:53.335453,79.11,78.81,78.77
2016-04-12 10:53:53.490530,79.11,78.81,78.77
2016-04-12 10:53:53.646854,79.11,78.81,78.77
2016-04-12 10:53:53.800623,79.11,78.81,78.77
2016-04-12 10:53:53.972648,79.11,78.81,78.77
2016-04-12 10:53:54.131998,79.11,78.81,78.77
2016-04-12 10:53:54.289615,79.11,78.81,78.77
2016-04-12 10:53:54.475530,79.11,78.81,78.77
2016-04-12 10:53:54.639151,79.11,78.81,78.77
2016-04-12 10:53:54.800170,79.11,78.81,78.77
2016-04-12 10:53:54.970831,79.11,78.81,78.77
2016-04-12 10:53:55.138641,79.11,78.81,78.77
2016-04-12 10:53:55.295061,79.11,78.81,78.77
2016-04-12 10:53:55.462285,79.11,78.81,78.77
2016-04-12 10:53:55.614876,79.11,78.81,78.77
2016-04-12 10:53:55.767502,79.11,78.81,78.77
2016-04-12 10:53:55.916007,79.11,78.81,78.77
2016-04-12 10:53:56.064753,79.11,78.81,78.77
2016-04-12 10:53:56.214355,79.11,78.81,78.77
2016-04-12 10:53:56.428017,79.11,78.81,78.77
2016-04-12 10:53:56.582072,79.11,78.81,78.77
2016-04-12 10:53:56.792581,79.11,78.81,78.77
2016-04-12 10:53:56.982700,79.11,78.81,78.77
2016-04-12 10:53:57.165505,79.09,78.81,78.77
2016-04-12 10:53:57.315320,79.09,78.81,78.77
2016-04-12 10:53:57.468808,79.09,78.81,78.77
2016-04-12 10:53:57.617350,79.09,78.81,78.77
2016-04-12 10:53:57.769918,79.09,78.81,78.77
2016-04-12 10:53:57.920852,79.09,78.81,78.77
2016-04-12 10:53:58.085438,79.09,78.81,78.77
2016-04-12 10:53:58.236945,79.09,78.81,78.77
2016-04-12 10:53:58.390039,79.09,78.81,78.77
2016-04-12 10:53:58.540969,79.09,78.81,78.77
2016-04-12 10:53:58.701891,79.09,78.81,78.77
2016-04-12 10:53:58.856786,79.09,78.81,78.77
2016-04-12 10:53:59.005450,79.09,78.81,78.77
2016-04-12 10:53:59.163992,79.09,78.81,78.77
2016-04-12 10:53:59.327217,79.09,78.81,78.77
2016-04-12 10:53:59.483685,79.09,78.81,78.77
2016-04-12 10:53:59.634306,79.09,78.81,78.77
2016-04-12 10:53:59.790713,79.09,78.81,78.77
2016-04-12 10:53:59.952456,79.09,78.81,78.77
2016-04-12 10:54:00.132934,79.09,78.81,78.77
2016-04-12 10:54:00.296247,79.09,78.81,78.77
2016-04-12 10:54:00.461956,79.09,78.81,78.77
2016-04-12 10:54:00.616288,79.09,78.81,78.77
2016-04-12 10:54:00.776289,79.09,78.81,78.77
2016-04-12 10:54:00.930846,79.09,78.81,78.77
2016-04-12 10:54:01.083504,79.09,78.81,78.77
2016-04-12 10:54:01.233267,79.09,78.81,78.77
2016-04-12 10:54:01.383317,79.09,78.81,78.77
2016-04-12 10:54:01.593843,79.09,78.81,78.77
2016-04-12 10:54:01.747631,79.09,78.81,78.77
2016-04-12 10:54:01.893246,79.09,78.81,78.77
2016-04-12 10:54:02.060148,79.09,78.81,78.77
2016-04-12 10:54:02.214090,79.09,78.81,78.77
2016-04-12 10:54:02.383102,79.09,78.81,78.77
2016-04-12 10:54:02.540066,79.09,78.81,78.77
2016-04-12 10:54:02.692743,79.09,78.81,78.77
2016-04-12 10:54:02.863688,79.09,78.81,78.77
2016-04-12 10:54:03.034875,79.09,78.81,78.77
2016-04-12 10:54:03.204647,79.09,78.81,78.77
2016-04-12 10:54:03.369305,79.09,78.81,78.77
2016-04-12 10:54:03.533083,79.09,78.81,78.77
2016-04-12 10:54:03.684088,79.09,78.81,78.77
2016-04-12 10:54:04.015756,79.09,78.81,78.77
2016-04-12 10:54:04.167220,79.09,78.81,78.77
2016-04-12 10:54:04.328901,79.09,78.81,78.77
2016-04-12 10:54:04.481981,79.09,78.81,78.77
2016-04-12 10:54:04.631899,79.09,78.81,78.77
2016-04-12 10:54:04.789505,79.09,78.81,78.77
2016-04-12 10:54:05.045296,79.09,78.81,78.77
2016-04-12 10:54:05.221878,79.09,78.81,78.77
2016-04-12 10:54:05.377799,79.09,78.81,78.77
2016-04-12 10:54:05.959493,79.09,78.81,78.77
2016-04-12 10:54:06.108597,79.09,78.81,78.77
2016-04-12 10:54:06.271248,79.09,78.81,78.77
2016-04-12 10:54:06.442327,79.09,78.81,78.77
2016-04-12 10:54:06.647241,79.09,78.81,78.77
2016-04-12 10:54:06.807907,79.09,78.81,78.77
2016-04-12 10:54:06.966648,79.09,78.81,78.77
2016-04-12 10:54:07.126692,79.09,78.81,78.77
2016-04-12 10:54:07.294980,79.09,78.81,78.77
2016-04-12 10:54:07.456852,79.09,78.81,78.77
2016-04-12 10:54:07.611584,79.09,78.81,78.77
2016-04-12 10:54:07.765897,79.09,78.81,78.77
2016-04-12 10:54:07.928739,79.09,78.81,78.77
2016-04-12 10:54:08.084319,79.09,78.81,78.77
2016-04-12 10:54:08.245498,79.09,78.81,78.77
2016-04-12 10:54:08.411177,79.09,78.81,78.77
2016-04-12 10:54:08.564684,79.09,78.81,78.77
2016-04-12 10:54:08.723704,79.09,78.81,78.77
2016-04-12 10:54:08.887658,79.09,78.81,78.77
2016-04-12 10:54:09.068933,79.09,78.81,78.77
2016-04-12 10:54:09.232697,79.09,78.81,78.77
2016-04-12 10:54:09.390108,79.09,78.81,78.77
2016-04-12 10:54:09.539959,79.09,78.81,78.77
2016-04-12 10:54:09.694836,79.09,78.81,78.77
2016-04-12 10:54:09.847366,79.09,78.81,78.77
2016-04-12 10:54:09.998807,79.09,78.81,78.77
2016-04-12 10:54:10.166243,79.09,78.81,78.77
2016-04-12 10:54:10.315271,79.09,78.81,78.77
2016-04-12 10:54:10.474095,79.09,78.81,78.77
2016-04-12 10:54:10.623031,79.09,78.81,78.77
2016-04-12 10:54:10.777082,79.09,78.81,78.77
2016-04-12 10:54:11.299607,79.09,78.81,78.77
2016-04-12 10:54:11.450063,79.09,78.81,78.77
2016-04-12 10:54:11.913548,79.09,78.81,78.77
2016-04-12 10:54:12.424783,79.09,78.81,78.77
2016-04-12 10:54:12.587496,79.09,78.81,78.77
2016-04-12 10:54:13.143122,79.09,78.81,78.77
2016-04-12 10:54:13.317391,79.09,78.81,78.77
2016-04-12 10:54:13.865716,79.09,78.81,78.77
2016-04-12 10:54:14.369814,79.09,78.81,78.77
2016-04-12 10:54:14.885683,79.09,78.81,78.77
2016-04-12 10:54:15.396028,79.09,78.81,78.77
2016-04-12 10:54:16.113974,79.09,78.81,78.77
2016-04-12 10:54:16.827208,79.09,78.81,78.77
2016-04-12 10:54:17.347937,79.09,78.81,78.77
2016-04-12 10:54:17.508108,79.09,78.81,78.77
2016-04-12 10:54:18.056969,79.09,78.81,78.77
2016-04-12 10:54:18.573269,79.09,78.81,78.77
2016-04-12 10:54:19.186147,79.09,78.81,78.77
2016-04-12 10:54:19.799971,79.09,78.81,78.77
2016-04-12 10:54:20.311918,79.09,78.81,78.77
2016-04-12 10:54:20.462346,79.09,78.81,78.77
2016-04-12 10:54:21.027923,79.09,78.81,78.77
2016-04-12 10:54:21.642012,79.09,78.81,78.77
2016-04-12 10:54:22.156367,79.16,78.81,78.77
2016-04-12 10:54:22.666831,79.16,78.81,78.77
2016-04-12 10:54:22.849914,79.16,78.81,78.77
2016-04-12 10:54:22.996309,79.16,78.81,78.77
2016-04-12 10:54:23.161794,79.16,78.81,78.77
2016-04-12 10:54:23.322498,79.16,78.81,78.77
2016-04-12 10:54:23.492783,79.16,78.81,78.77
2016-04-12 10:54:23.645750,79.16,78.81,78.77
2016-04-12 10:54:23.802529,79.16,78.81,78.77
2016-04-12 10:54:23.968681,79.16,78.81,78.77
2016-04-12 10:54:24.129209,79.16,78.81,78.77
2016-04-12 10:54:24.388043,79.16,78.81,78.77
2016-04-12 10:54:24.564997,79.16,78.81,78.77
2016-04-12 10:54:24.735507,79.16,78.81,78.77
2016-04-12 10:54:24.922813,79.16,78.81,78.77
2016-04-12 10:54:25.106033,79.16,78.81,78.77
2016-04-12 10:54:25.269054,79.16,78.81,78.77
2016-04-12 10:54:25.446878,79.16,78.81,78.77
2016-04-12 10:54:25.626195,79.16,78.81,78.77
2016-04-12 10:54:25.850672,79.16,78.81,78.77
2016-04-12 10:54:26.012897,79.16,78.81,78.77
2016-04-12 10:54:26.175799,79.16,78.81,78.77
2016-04-12 10:54:26.386285,79.16,78.81,78.77
2016-04-12 10:54:26.554350,79.16,78.71,78.68
2016-04-12 10:54:26.712312,79.16,78.71,78.68
2016-04-12 10:54:26.861341,79.16,78.71,78.68
2016-04-12 10:54:27.042026,79.16,78.71,78.68
2016-04-12 10:54:27.193691,79.16,78.71,78.68
2016-04-12 10:54:27.353382,79.16,78.71,78.68
2016-04-12 10:54:27.499426,79.16,78.71,78.68
2016-04-12 10:54:27.653934,79.16,78.71,78.68
2016-04-12 10:54:27.812769,79.16,78.71,78.68
2016-04-12 10:54:27.968997,79.16,78.71,78.68
2016-04-12 10:54:28.150401,79.16,78.71,78.68
2016-04-12 10:54:28.311178,79.16,78.71,78.68
2016-04-12 10:54:28.468043,79.16,78.71,78.68
2016-04-12 10:54:28.643163,79.16,78.71,78.68
2016-04-12 10:54:28.794847,79.16,78.71,78.68
2016-04-12 10:54:28.954757,79.16,78.71,78.68
2016-04-12 10:54:29.102823,79.16,78.71,78.68
2016-04-12 10:54:29.270584,79.16,78.71,78.68
2016-04-12 10:54:29.430416,79.16,78.71,78.68
2016-04-12 10:54:29.580737,79.16,78.71,78.68
2016-04-12 10:54:29.743919,79.16,78.71,78.68
2016-04-12 10:54:29.896917,79.16,78.71,78.68
2016-04-12 10:54:30.124578,79.16,78.71,78.68
2016-04-12 10:54:30.280607,79.16,78.71,78.68
2016-04-12 10:54:30.442318,79.16,78.71,78.68
2016-04-12 10:54:30.650923,79.16,78.71,78.68
2016-04-12 10:54:30.800010,79.16,78.71,78.68
2016-04-12 10:54:30.959480,79.16,78.71,78.68
2016-04-12 10:54:31.112897,79.16,78.71,78.68
2016-04-12 10:54:31.267301,79.16,78.71,78.68
2016-04-12 10:54:31.476652,79.16,78.71,78.68
2016-04-12 10:54:31.671320,79.16,78.71,78.68
2016-04-12 10:54:31.829520,79.16,78.71,78.68
2016-04-12 10:54:31.991807,79.16,78.71,78.68
2016-04-12 10:54:32.168106,79.16,78.71,78.68
2016-04-12 10:54:32.357484,79.16,78.71,78.68
2016-04-12 10:54:32.552051,79.16,78.71,78.68
2016-04-12 10:54:32.731522,79.16,78.71,78.68
2016-04-12 10:54:32.939421,79.16,78.71,78.68
2016-04-12 10:54:33.089610,79.16,78.71,78.68
2016-04-12 10:54:33.247065,79.16,78.71,78.68
2016-04-12 10:54:33.578442,79.16,78.71,78.68
2016-04-12 10:54:33.770022,79.16,78.71,78.68
2016-04-12 10:54:34.322068,79.16,78.71,78.68
2016-04-12 10:54:34.482420,79.16,78.71,78.68
2016-04-12 10:54:34.641713,79.16,78.71,78.68
2016-04-12 10:54:34.801353,79.16,78.71,78.68
2016-04-12 10:54:34.956888,79.16,78.71,78.68
2016-04-12 10:54:35.112324,79.16,78.71,78.68
2016-04-12 10:54:35.265335,79.16,78.71,78.68
2016-04-12 10:54:35.419420,79.16,78.71,78.68
2016-04-12 10:54:35.567468,79.16,78.71,78.68
2016-04-12 10:54:35.713928,79.16,78.71,78.68
2016-04-12 10:54:35.869126,79.16,78.71,78.68
2016-04-12 10:54:36.027158,79.16,78.71,78.68
2016-04-12 10:54:36.176161,79.16,78.71,78.68
2016-04-12 10:54:36.329481,79.16,78.71,78.68
2016-04-12 10:54:36.479285,79.16,78.71,78.68
2016-04-12 10:54:36.631077,79.16,78.71,78.68
2016-04-12 10:54:36.794053,79.16,78.71,78.68
2016-04-12 10:54:36.955357,79.16,78.71,78.68
2016-04-12 10:54:37.104501,79.16,78.71,78.68
2016-04-12 10:54:37.251388,79.135,78.71,78.68
2016-04-12 10:54:37.406513,79.135,78.71,78.68
2016-04-12 10:54:37.579331,79.135,78.71,78.68
2016-04-12 10:54:37.754268,79.135,78.71,78.68
2016-04-12 10:54:37.907157,79.135,78.71,78.68
2016-04-12 10:54:38.061582,79.135,78.71,78.68
2016-04-12 10:54:38.213652,79.135,78.71,78.68
2016-04-12 10:54:38.363584,79.135,78.71,78.68
2016-04-12 10:54:38.514686,79.135,78.71,78.68
2016-04-12 10:54:38.697467,79.135,78.71,78.68
2016-04-12 10:54:38.850054,79.135,78.71,78.68
2016-04-12 10:54:38.999392,79.135,78.71,78.68
2016-04-12 10:54:39.154142,79.135,78.71,78.68
2016-04-12 10:54:39.306613,79.135,78.71,78.68
2016-04-12 10:54:39.461727,79.135,78.71,78.68
2016-04-12 10:54:39.616345,79.135,78.71,78.68
2016-04-12 10:54:39.771183,79.135,78.71,78.68
2016-04-12 10:54:39.927395,79.135,78.71,78.68
2016-04-12 10:54:40.095021,79.135,78.71,78.68
2016-04-12 10:54:40.292326,79.135,78.71,78.68
2016-04-12 10:54:40.456403,79.135,78.71,78.68
2016-04-12 10:54:40.897933,79.135,78.71,78.68
2016-04-12 10:54:41.054930,79.135,78.71,78.68
2016-04-12 10:54:41.207872,79.135,78.71,78.68
2016-04-12 10:54:41.371193,79.135,78.71,78.68
2016-04-12 10:54:41.545479,79.135,78.71,78.68
2016-04-12 10:54:41.703164,79.135,78.79,78.72
2016-04-12 10:54:41.894545,79.135,78.79,78.72
2016-04-12 10:54:42.055406,79.135,78.79,78.72
2016-04-12 10:54:42.228110,79.135,78.79,78.72
2016-04-12 10:54:42.384673,79.135,78.79,78.72
2016-04-12 10:54:42.537477,79.135,78.79,78.72
