time,price,bid,ask
2016-04-12 12:33:50.804683,149.61,149.11,149.01
2016-04-12 12:33:50.952557,149.61,149.11,149.01
2016-04-12 12:33:51.107801,149.61,149.11,149.01
2016-04-12 12:33:51.255037,149.61,149.11,149.01
2016-04-12 12:33:51.416145,149.61,149.11,149.01
2016-04-12 12:33:51.593913,149.61,149.11,149.01
2016-04-12 12:33:51.747433,149.61,149.11,149.01
2016-04-12 12:33:51.909572,149.61,149.11,149.01
2016-04-12 12:33:52.064907,149.61,149.11,149.01
2016-04-12 12:33:52.227069,149.61,149.11,149.01
2016-04-12 12:33:52.383188,149.61,149.11,149.01
2016-04-12 12:33:52.534836,149.61,149.11,149.01
2016-04-12 12:33:52.694668,149.61,149.11,149.01
2016-04-12 12:33:52.855538,149.61,149.11,149.01
2016-04-12 12:33:53.029495,149.61,149.11,149.01
2016-04-12 12:33:53.181847,149.61,149.11,149.01
2016-04-12 12:33:53.329785,149.61,149.11,149.01
2016-04-12 12:33:53.491467,149.61,149.11,149.01
2016-04-12 12:33:53.651984,149.61,149.11,149.01
2016-04-12 12:33:53.807009,149.61,149.11,149.01
2016-04-12 12:33:53.955867,149.61,149.11,149.01
2016-04-12 12:33:54.154984,149.61,149.11,149.01
2016-04-12 12:33:54.304508,149.61,149.11,149.01
2016-04-12 12:33:54.455056,149.61,149.11,149.01
2016-04-12 12:33:54.605439,149.61,149.11,149.01
2016-04-12 12:33:54.763580,149.61,149.11,149.01
2016-04-12 12:33:54.915143,149.61,149.11,149.01
2016-04-12 12:33:55.070067,149.61,149.11,149.01
2016-04-12 12:33:55.224300,149.61,149.11,149.01
2016-04-12 12:33:55.375495,149.61,149.11,149.01
2016-04-12 12:33:55.529415,149.5605,149.11,149.01
2016-04-12 12:33:55.679374,149.5605,149.11,149.01
2016-04-12 12:33:55.829893,149.5605,149.11,149.01
2016-04-12 12:33:55.985849,149.5605,149.11,149.01
2016-04-12 12:33:56.293377,149.5605,149.11,149.01
2016-04-12 12:33:56.439718,149.5605,149.11,149.01
2016-04-12 12:33:56.590192,149.5605,149.11,149.01
2016-04-12 12:33:56.745703,149.5605,149.11,149.01
2016-04-12 12:33:56.894579,149.5605,149.11,149.01
2016-04-12 12:33:57.046093,149.5605,149.11,149.01
2016-04-12 12:33:57.199815,149.5605,149.11,149.01
2016-04-12 12:33:57.355225,149.5605,149.11,149.01
2016-04-12 12:33:57.511361,149.5605,149.11,149.01
2016-04-12 12:33:57.670156,149.5605,149.11,149.01
2016-04-12 12:33:57.826099,149.5605,149.11,149.01
2016-04-12 12:33:57.977891,149.5605,149.11,149.01
2016-04-12 12:33:58.125666,149.5605,149.11,149.01
2016-04-12 12:33:58.279150,149.5605,149.11,149.01
2016-04-12 12:33:58.447629,149.5605,149.11,149.01
2016-04-12 12:33:58.602475,149.5605,149.11,149.01
2016-04-12 12:33:58.758981,149.5605,149.11,149.01
2016-04-12 12:33:58.924937,149.5605,149.11,149.01
2016-04-12 12:33:59.083337,149.5605,149.11,149.01
2016-04-12 12:33:59.233216,149.5605,149.11,149.01
2016-04-12 12:33:59.732525,149.5605,149.11,149.01
2016-04-12 12:33:59.881546,149.5605,149.11,149.01
2016-04-12 12:34:00.027118,149.5605,149.11,149.01
2016-04-12 12:34:00.191483,149.5605,149.11,149.01
2016-04-12 12:34:00.352628,149.5605,149.11,149.01
2016-04-12 12:34:00.509486,149.5605,149.11,149.01
2016-04-12 12:34:01.065397,149.5605,149.11,149.01
2016-04-12 12:34:01.215452,149.5605,149.11,149.01
2016-04-12 12:34:01.386652,149.5605,149.11,149.01
2016-04-12 12:34:01.654539,149.5605,149.11,149.01
2016-04-12 12:34:02.294771,149.5605,149.11,149.01
2016-04-12 12:34:02.454407,149.5605,149.11,149.01
2016-04-12 12:34:02.607676,149.52,149.11,149.01
2016-04-12 12:34:02.782109,149.52,149.11,149.01
2016-04-12 12:34:02.939220,149.52,149.11,149.01
2016-04-12 12:34:03.518814,149.52,149.11,149.01
2016-04-12 12:34:04.033646,149.52,149.11,149.01
2016-04-12 12:34:04.194636,149.52,149.11,149.01
2016-04-12 12:34:04.753326,149.52,149.11,149.01
2016-04-12 12:34:05.366885,149.52,149.11,149.01
2016-04-12 12:34:05.519028,149.52,149.11,149.01
2016-04-12 12:34:05.668559,149.52,149.11,149.01
2016-04-12 12:34:05.819387,149.52,149.11,149.01
2016-04-12 12:34:05.971688,149.52,149.11,149.01
2016-04-12 12:34:06.491226,149.52,149.11,149.01
2016-04-12 12:34:07.002043,149.52,149.11,149.01
2016-04-12 12:34:07.514438,149.52,149.11,149.01
2016-04-12 12:34:07.662048,149.52,149.11,149.01
2016-04-12 12:34:08.237253,149.52,149.11,149.01
2016-04-12 12:34:08.387721,149.52,149.11,149.01
2016-04-12 12:34:08.540573,149.52,149.11,149.01
2016-04-12 12:34:09.053598,149.52,149.11,149.01
2016-04-12 12:34:09.567900,149.52,149.11,149.01
2016-04-12 12:34:09.721295,149.52,149.11,149.01
2016-04-12 12:34:10.281567,149.52,149.11,149.01
2016-04-12 12:34:10.450296,149.52,149.11,149.01
2016-04-12 12:34:10.608306,149.52,149.11,149.01
2016-04-12 12:34:11.102214,149.52,149.11,149.01
2016-04-12 12:34:11.614051,149.52,149.11,149.01
2016-04-12 12:34:11.765257,149.52,149.11,149.01
2016-04-12 12:34:11.919732,149.52,149.11,149.01
2016-04-12 12:34:12.083433,149.52,149.11,149.01
2016-04-12 12:34:12.636441,149.52,149.11,149.01
2016-04-12 12:34:13.150362,149.52,149.11,149.01
2016-04-12 12:34:13.663508,149.52,149.11,149.01
2016-04-12 12:34:13.818838,149.52,149.11,149.01
2016-04-12 12:34:14.380719,149.52,149.11,149.01
2016-04-12 12:34:14.530395,149.52,149.11,149.01
2016-04-12 12:34:14.692626,149.52,149.11,149.01
2016-04-12 12:34:14.852294,149.52,149.11,149.01
2016-04-12 12:34:15.002529,149.52,149.11,149.01
2016-04-12 12:34:15.156688,149.52,149.11,149.01
2016-04-12 12:34:15.308943,149.52,149.11,149.01
2016-04-12 12:34:15.465216,149.52,149.11,149.01
2016-04-12 12:34:16.040504,149.52,149.11,149.01
2016-04-12 12:34:16.195266,149.52,149.11,149.01
2016-04-12 12:34:16.345436,149.52,149.11,149.01
2016-04-12 12:34:16.518795,149.52,149.11,149.01
2016-04-12 12:34:16.671136,149.52,149.11,149.01
2016-04-12 12:34:16.889508,149.52,149.11,149.01
2016-04-12 12:34:17.045677,149.52,149.11,149.01
2016-04-12 12:34:17.198472,149.52,149.11,149.01
2016-04-12 12:34:17.355932,149.52,149.11,149.01
2016-04-12 12:34:17.507585,149.52,149.11,149.01
2016-04-12 12:34:17.677207,149.52,149.11,149.01
2016-04-12 12:34:17.853337,149.52,149.11,149.01
2016-04-12 12:34:18.006181,149.52,149.11,149.01
2016-04-12 12:34:18.158493,149.52,149.11,149.01
2016-04-12 12:34:18.306188,149.52,149.11,149.01
2016-04-12 12:34:18.455317,149.52,149.11,149.01
2016-04-12 12:34:18.603306,149.52,149.11,149.01
2016-04-12 12:34:18.761501,149.52,149.11,149.01
2016-04-12 12:34:18.912236,149.52,149.11,149.01
2016-04-12 12:34:19.091769,149.52,149.11,149.01
2016-04-12 12:34:19.249055,149.52,149.11,149.01
2016-04-12 12:34:19.401442,149.52,149.11,149.01
2016-04-12 12:34:19.557246,149.52,149.11,149.01
2016-04-12 12:34:19.709076,149.52,149.11,149.01
2016-04-12 12:34:19.855984,149.52,149.11,149.01
2016-04-12 12:34:20.009737,149.52,149.11,149.01
2016-04-12 12:34:20.159274,149.52,149.11,149.01
2016-04-12 12:34:20.313725,149.52,149.11,149.01
2016-04-12 12:34:20.467864,149.52,149.11,149.01
2016-04-12 12:34:20.623146,149.52,149.11,149.01
2016-04-12 12:34:20.781277,149.52,149.11,149.01
2016-04-12 12:34:20.937143,149.52,149.11,149.01
2016-04-12 12:34:21.095967,149.52,149.11,149.01
2016-04-12 12:34:21.253485,149.52,149.11,149.01
2016-04-12 12:34:21.404422,149.52,149.11,149.01
2016-04-12 12:34:21.555501,149.52,149.11,149.01
2016-04-12 12:34:21.706784,149.52,149.11,149.01
2016-04-12 12:34:21.860706,149.52,149.11,149.01
2016-04-12 12:34:22.009683,149.52,149.11,149.01
2016-04-12 12:34:22.167522,149.52,149.11,149.01
2016-04-12 12:34:22.317574,149.52,149.11,149.01
2016-04-12 12:34:22.469947,149.52,149.11,149.01
2016-04-12 12:34:22.616460,149.52,149.11,149.01
2016-04-12 12:34:22.774539,149.52,149.11,149.01
2016-04-12 12:34:22.928111,149.52,149.11,149.01
2016-04-12 12:34:23.090154,149.52,149.11,149.01
2016-04-12 12:34:23.244058,149.52,149.11,149.01
2016-04-12 12:34:23.395762,149.52,149.11,149.01
2016-04-12 12:34:23.550998,149.52,149.11,149.01
2016-04-12 12:34:23.703243,149.52,149.11,149.01
2016-04-12 12:34:23.864922,149.52,149.11,149.01
2016-04-12 12:34:24.014633,149.52,149.11,149.01
2016-04-12 12:34:24.172783,149.52,149.11,149.01
2016-04-12 12:34:24.404429,149.52,149.11,149.01
2016-04-12 12:34:24.565491,149.52,149.11,149.01
2016-04-12 12:34:24.737351,149.52,149.11,149.01
2016-04-12 12:34:25.036453,149.52,149.11,149.01
2016-04-12 12:34:25.183433,149.52,149.11,149.01
2016-04-12 12:34:25.334718,149.52,149.11,149.01
2016-04-12 12:34:25.482732,149.52,149.11,149.01
2016-04-12 12:34:25.630442,149.52,149.11,149.01
2016-04-12 12:34:25.776493,149.52,149.11,149.01
2016-04-12 12:34:25.922535,149.52,149.11,149.01
2016-04-12 12:34:26.465665,149.52,149.11,149.01
2016-04-12 12:34:26.619571,149.52,149.11,149.01
2016-04-12 12:34:26.764621,149.52,149.11,149.01
2016-04-12 12:34:26.912831,149.52,149.11,149.01
2016-04-12 12:34:27.065228,149.52,149.11,149.01
2016-04-12 12:34:27.211093,149.52,149.11,149.01
2016-04-12 12:34:27.362323,149.52,149.11,149.01
2016-04-12 12:34:27.532162,149.52,149.11,149.01
2016-04-12 12:34:27.687689,149.52,149.11,149.01
2016-04-12 12:34:27.833872,149.52,149.11,149.01
2016-04-12 12:34:28.370207,149.52,149.11,149.01
2016-04-12 12:34:28.522740,149.52,149.11,149.01
2016-04-12 12:34:28.860782,149.52,149.11,149.01
2016-04-12 12:34:29.009894,149.52,149.11,149.01
2016-04-12 12:34:29.161534,149.52,149.11,149.01
2016-04-12 12:34:29.310641,149.52,149.11,149.01
2016-04-12 12:34:29.458152,149.52,149.11,149.01
2016-04-12 12:34:29.610873,149.52,149.11,149.01
2016-04-12 12:34:29.759705,149.52,149.11,149.01
2016-04-12 12:34:29.902530,149.52,149.11,149.01
2016-04-12 12:34:30.049885,149.52,149.11,149.01
2016-04-12 12:34:30.195850,149.52,149.11,149.01
2016-04-12 12:34:30.345732,149.52,149.11,149.01
2016-04-12 12:34:30.522015,149.52,149.11,149.01
2016-04-12 12:34:30.677014,149.52,149.11,149.01
2016-04-12 12:34:30.825596,149.52,149.11,149.01
2016-04-12 12:34:31.000286,149.52,149.11,149.01
2016-04-12 12:34:31.151479,149.52,149.11,149.01
2016-04-12 12:34:31.309510,149.52,149.11,149.01
2016-04-12 12:34:31.459932,149.52,149.11,149.01
2016-04-12 12:34:31.610278,149.52,149.11,149.01
2016-04-12 12:34:31.760252,149.52,149.11,149.01
2016-04-12 12:34:31.911293,149.52,149.11,149.01
2016-04-12 12:34:32.064232,149.52,149.11,149.01
2016-04-12 12:34:32.212229,149.52,149.11,149.01
2016-04-12 12:34:32.385339,149.52,149.11,149.01
2016-04-12 12:34:32.536109,149.52,149.11,149.01
2016-04-12 12:34:32.690671,149.52,149.11,149.01
2016-04-12 12:34:32.846923,149.52,149.11,149.01
2016-04-12 12:34:33.008388,149.64,149.11,149.01
2016-04-12 12:34:33.157767,149.64,149.11,149.01
2016-04-12 12:34:33.304891,149.64,149.11,149.01
2016-04-12 12:34:33.466209,149.64,149.11,149.01
2016-04-12 12:34:33.612008,149.64,149.11,149.01
2016-04-12 12:34:33.765851,149.64,149.11,149.01
2016-04-12 12:34:33.917298,149.64,149.11,149.01
2016-04-12 12:34:34.071146,149.64,149.11,149.01
2016-04-12 12:34:34.245719,149.64,149.22,149.15
2016-04-12 12:34:34.408438,149.64,149.22,149.15
2016-04-12 12:34:34.561903,149.64,149.22,149.15
2016-04-12 12:34:34.719203,149.64,149.22,149.15
2016-04-12 12:34:34.876492,149.64,149.22,149.15
2016-04-12 12:34:35.039891,149.64,149.22,149.15
2016-04-12 12:34:35.195302,149.64,149.22,149.15
2016-04-12 12:34:35.350503,149.64,149.22,149.15
2016-04-12 12:34:35.506549,149.64,149.22,149.15
2016-04-12 12:34:35.656254,149.64,149.22,149.15
2016-04-12 12:34:35.806115,149.64,149.22,149.15
2016-04-12 12:34:35.953728,149.64,149.22,149.15
2016-04-12 12:34:36.095297,149.64,149.22,149.15
2016-04-12 12:34:36.256490,149.64,149.22,149.15
2016-04-12 12:34:36.416154,149.64,149.22,149.15
2016-04-12 12:34:36.563945,149.69,149.22,149.15
2016-04-12 12:34:36.901658,149.69,149.22,149.15
2016-04-12 12:34:37.046958,149.69,149.22,149.15
2016-04-12 12:34:37.194335,149.69,149.22,149.15
2016-04-12 12:34:37.342405,149.69,149.22,149.15
2016-04-12 12:34:37.511760,149.69,149.22,149.15
2016-04-12 12:34:37.672260,149.69,149.22,149.15
2016-04-12 12:34:37.831498,149.69,149.22,149.15
2016-04-12 12:34:38.012006,149.69,149.22,149.15
2016-04-12 12:34:38.181775,149.69,149.22,149.15
2016-04-12 12:34:38.334766,149.69,149.22,149.15
2016-04-12 12:34:38.504703,149.69,149.22,149.15
2016-04-12 12:34:38.674886,149.69,149.22,149.15
2016-04-12 12:34:38.828211,149.69,149.22,149.15
2016-04-12 12:34:38.978885,149.69,149.22,149.15
2016-04-12 12:34:39.132369,149.69,149.22,149.15
2016-04-12 12:34:39.315654,149.69,149.22,149.15
2016-04-12 12:34:39.830901,149.69,149.22,149.15
2016-04-12 12:34:39.997036,149.69,149.22,149.15
2016-04-12 12:34:40.162078,149.69,149.22,149.15
2016-04-12 12:34:40.342689,149.69,149.22,149.15
2016-04-12 12:34:40.504134,149.69,149.22,149.15
2016-04-12 12:34:40.668565,149.69,149.22,149.15
2016-04-12 12:34:40.827446,149.69,149.22,149.15
2016-04-12 12:34:40.994076,149.69,149.22,149.15
2016-04-12 12:34:41.150346,149.69,149.22,149.15
2016-04-12 12:34:41.313997,149.69,149.22,149.15
2016-04-12 12:34:41.470383,149.69,149.22,149.15
2016-04-12 12:34:41.625735,149.715,149.22,149.15
2016-04-12 12:34:41.784266,149.715,149.22,149.15
2016-04-12 12:34:41.948801,149.715,149.22,149.15
2016-04-12 12:34:42.106168,149.715,149.22,149.15
2016-04-12 12:34:42.269495,149.715,149.22,149.15
2016-04-12 12:34:42.425995,149.715,149.22,149.15
2016-04-12 12:34:42.587705,149.715,149.22,149.15
2016-04-12 12:34:42.742321,149.715,149.22,149.15
2016-04-12 12:34:42.902584,149.715,149.22,149.15
2016-04-12 12:34:43.067889,149.715,149.22,149.15
2016-04-12 12:34:43.240733,149.715,149.22,149.15
2016-04-12 12:34:43.397790,149.715,149.22,149.15
2016-04-12 12:34:43.555623,149.715,149.22,149.15
2016-04-12 12:34:43.719357,149.715,149.22,149.15
2016-04-12 12:34:43.861860,149.715,149.22,149.15
2016-04-12 12:34:44.009059,149.715,149.22,149.15
2016-04-12 12:34:44.158913,149.715,149.22,149.15
2016-04-12 12:34:44.311462,149.715,149.22,149.15
2016-04-12 12:34:44.464582,149.715,149.22,149.15
2016-04-12 12:34:44.617234,149.715,149.22,149.15
2016-04-12 12:34:44.777820,149.715,149.22,149.15
2016-04-12 12:34:44.936542,149.715,149.22,149.15
2016-04-12 12:34:45.088492,149.715,149.22,149.15
2016-04-12 12:34:45.244176,149.715,149.22,149.15
2016-04-12 12:34:45.400664,149.715,149.22,149.15
2016-04-12 12:34:45.557454,149.715,149.22,149.15
2016-04-12 12:34:45.728399,149.715,149.22,149.15
2016-04-12 12:34:45.883370,149.715,149.22,149.15
2016-04-12 12:34:46.036433,149.715,149.22,149.15
2016-04-12 12:34:46.259209,149.715,149.22,149.15
2016-04-12 12:34:46.406427,149.715,149.22,149.15
2016-04-12 12:34:46.559698,149.715,149.22,149.15
2016-04-12 12:34:46.713610,149.715,149.22,149.15
2016-04-12 12:34:46.869198,149.715,149.22,149.15
2016-04-12 12:34:47.017281,149.715,149.22,149.15
2016-04-12 12:34:47.168659,149.715,149.22,149.15
2016-04-12 12:34:47.313637,149.715,149.22,149.15
2016-04-12 12:34:47.470414,149.715,149.22,149.15
2016-04-12 12:34:47.621573,149.715,149.22,149.15
2016-04-12 12:34:47.782187,149.715,149.22,149.15
2016-04-12 12:34:47.939026,149.715,149.22,149.15
2016-04-12 12:34:48.092735,149.715,149.22,149.15
2016-04-12 12:34:48.250617,149.715,149.22,149.15
2016-04-12 12:34:48.401558,149.715,149.22,149.15
2016-04-12 12:34:48.557655,149.715,149.22,149.15
2016-04-12 12:34:48.702866,149.715,149.22,149.15
2016-04-12 12:34:48.851524,149.715,149.22,149.15
2016-04-12 12:34:49.004727,149.715,149.22,149.15
2016-04-12 12:34:49.168045,149.715,149.22,149.15
2016-04-12 12:34:49.324073,149.715,149.22,149.15
2016-04-12 12:34:49.480634,149.715,149.22,149.15
2016-04-12 12:34:49.629487,149.715,149.22,149.15
2016-04-12 12:34:49.785666,149.715,149.22,149.15
2016-04-12 12:34:50.272145,149.715,149.22,149.15
2016-04-12 12:34:50.429021,149.715,149.22,149.15
2016-04-12 12:34:50.585827,149.715,149.22,149.15
2016-04-12 12:34:50.821704,149.715,149.22,149.15
2016-04-12 12:34:50.983721,149.715,149.22,149.15
2016-04-12 12:34:51.141179,149.715,149.22,149.15
2016-04-12 12:34:51.336240,149.715,149.22,149.15
2016-04-12 12:34:51.506438,149.715,149.22,149.15
2016-04-12 12:34:51.665526,149.715,149.22,149.15
2016-04-12 12:34:51.841552,149.715,149.22,149.15
2016-04-12 12:34:51.993564,149.715,149.22,149.15
2016-04-12 12:34:52.145637,149.715,149.22,149.15
2016-04-12 12:34:52.304610,149.715,149.22,149.15
2016-04-12 12:34:52.463397,149.715,149.22,149.15
2016-04-12 12:34:52.634098,149.715,149.22,149.15
2016-04-12 12:34:52.786605,149.6701,149.22,149.15
2016-04-12 12:34:52.948190,149.6701,149.22,149.15
2016-04-12 12:34:53.099956,149.6701,149.22,149.15
2016-04-12 12:34:53.270710,149.6701,149.22,149.15
2016-04-12 12:34:53.423443,149.6701,149.22,149.15
2016-04-12 12:34:53.578319,149.6701,149.22,149.15
2016-04-12 12:34:53.729735,149.6701,149.22,149.15
2016-04-12 12:34:53.886231,149.6701,149.22,149.15
2016-04-12 12:34:54.038033,149.6701,149.22,149.15
2016-04-12 12:34:54.189612,149.6701,149.22,149.15
2016-04-12 12:34:54.347104,149.6701,149.22,149.15
2016-04-12 12:34:54.505510,149.6701,149.22,149.15
2016-04-12 12:34:54.659073,149.6701,149.22,149.15
2016-04-12 12:34:54.817684,149.6701,149.22,149.15
2016-04-12 12:34:54.967242,149.6701,149.22,149.15
2016-04-12 12:34:55.124779,149.6701,149.22,149.15
2016-04-12 12:34:55.282527,149.6701,149.22,149.15
2016-04-12 12:34:55.449250,149.6701,149.22,149.15
2016-04-12 12:34:55.624776,149.6701,149.22,149.15
2016-04-12 12:34:55.784431,149.6701,149.22,149.15
2016-04-12 12:34:55.959530,149.6701,149.22,149.15
2016-04-12 12:34:56.122430,149.6701,149.22,149.15
2016-04-12 12:34:56.286035,149.6701,149.22,149.15
2016-04-12 12:34:56.444422,149.6701,149.22,149.15
2016-04-12 12:34:56.604914,149.6701,149.22,149.15
2016-04-12 12:34:56.757556,149.6701,149.22,149.15
2016-04-12 12:34:56.923165,149.6701,149.22,149.15
2016-04-12 12:34:57.088260,149.6701,149.22,149.15
2016-04-12 12:34:57.249481,149.6701,149.22,149.15
2016-04-12 12:34:57.412584,149.6701,149.22,149.15
2016-04-12 12:34:57.573290,149.6701,149.22,149.15
2016-04-12 12:34:57.735030,149.6701,149.22,149.15
2016-04-12 12:34:57.888909,149.6701,149.22,149.15
2016-04-12 12:34:58.095568,149.6701,149.22,149.15
2016-04-12 12:34:58.266476,149.6701,149.22,149.15
2016-04-12 12:34:58.420603,149.6701,149.22,149.15
2016-04-12 12:34:58.568621,149.6701,149.22,149.15
2016-04-12 12:34:58.733748,149.6701,149.22,149.15
2016-04-12 12:34:58.875056,149.6701,149.22,149.15
2016-04-12 12:34:59.031468,149.6701,149.22,149.15
2016-04-12 12:34:59.188383,149.6701,149.22,149.15
2016-04-12 12:34:59.342412,149.6701,149.22,149.15
2016-04-12 12:34:59.499276,149.6701,149.22,149.15
2016-04-12 12:34:59.661521,149.6701,149.22,149.15
2016-04-12 12:34:59.824324,149.6701,149.22,149.15
2016-04-12 12:34:59.996539,149.6701,149.22,149.15
2016-04-12 12:35:00.154237,149.6701,149.22,149.15
2016-04-12 12:35:00.313883,149.6701,149.22,149.15
2016-04-12 12:35:00.465800,149.6701,149.22,149.15
2016-04-12 12:35:01.085944,149.74,149.22,149.15
2016-04-12 12:35:01.239603,149.74,149.22,149.15
2016-04-12 12:35:01.389371,149.74,149.22,149.15
2016-04-12 12:35:01.541459,149.74,149.22,149.15
2016-04-12 12:35:01.693438,149.74,149.22,149.15
2016-04-12 12:35:02.173008,149.74,149.22,149.15
2016-04-12 12:35:02.357006,149.74,149.22,149.15
2016-04-12 12:35:02.529329,149.74,149.22,149.15
2016-04-12 12:35:02.698645,149.74,149.22,149.15
2016-04-12 12:35:02.852413,149.74,149.22,149.15
2016-04-12 12:35:03.010855,149.74,149.22,149.15
2016-04-12 12:35:03.172887,149.74,149.22,149.15
2016-04-12 12:35:03.326378,149.74,149.22,149.15
2016-04-12 12:35:03.479686,149.74,149.22,149.15
2016-04-12 12:35:03.640355,149.74,149.22,149.15
2016-04-12 12:35:03.796943,149.74,149.22,149.15
2016-04-12 12:35:03.957921,149.74,149.22,149.15
2016-04-12 12:35:04.111845,149.74,149.22,149.15
2016-04-12 12:35:04.261247,149.74,149.22,149.15
2016-04-12 12:35:04.411509,149.74,149.22,149.15
2016-04-12 12:35:04.565280,149.77,149.22,149.15
2016-04-12 12:35:04.740604,149.77,149.22,149.15
2016-04-12 12:35:04.895824,149.77,149.22,149.15
2016-04-12 12:35:05.054240,149.77,149.22,149.15
2016-04-12 12:35:05.203437,149.77,149.22,149.15
2016-04-12 12:35:05.357783,149.77,149.22,149.15
2016-04-12 12:35:05.512319,149.77,149.22,149.15
2016-04-12 12:35:05.726338,149.77,149.22,149.15
2016-04-12 12:35:05.900028,149.77,149.22,149.15
2016-04-12 12:35:06.067877,149.77,149.22,149.15
2016-04-12 12:35:06.246645,149.77,149.22,149.15
2016-04-12 12:35:06.425733,149.77,149.22,149.15
2016-04-12 12:35:06.587091,149.77,149.22,149.15
2016-04-12 12:35:07.211904,149.77,149.22,149.15
2016-04-12 12:35:07.389729,149.77,149.22,149.15
2016-04-12 12:35:07.550006,149.77,149.22,149.15
2016-04-12 12:35:07.726449,149.77,149.22,149.15
2016-04-12 12:35:07.894563,149.77,149.22,149.15
2016-04-12 12:35:08.053886,149.77,149.22,149.15
2016-04-12 12:35:08.199828,149.77,149.22,149.15
2016-04-12 12:35:08.366332,149.77,149.22,149.15
2016-04-12 12:35:08.515598,149.77,149.22,149.15
2016-04-12 12:35:08.678675,149.77,149.22,149.15
2016-04-12 12:35:08.833023,149.77,149.22,149.15
2016-04-12 12:35:08.980729,149.77,149.22,149.15
2016-04-12 12:35:09.136187,149.77,149.22,149.15
2016-04-12 12:35:09.305897,149.77,149.22,149.15
2016-04-12 12:35:09.464627,149.77,149.22,149.15
2016-04-12 12:35:09.625374,149.77,149.22,149.15
2016-04-12 12:35:09.776664,149.75,149.22,149.15
2016-04-12 12:35:10.210123,149.75,149.22,149.15
2016-04-12 12:35:10.379190,149.75,149.22,149.15
2016-04-12 12:35:10.535781,149.75,149.22,149.15
2016-04-12 12:35:10.711141,149.75,149.22,149.15
2016-04-12 12:35:11.157918,149.75,149.22,149.15
2016-04-12 12:35:11.681939,149.75,149.22,149.15
2016-04-12 12:35:11.833723,149.75,149.22,149.15
2016-04-12 12:35:11.993547,149.75,149.22,149.15
2016-04-12 12:35:12.144739,149.75,149.22,149.15
2016-04-12 12:35:12.668632,149.75,149.22,149.15
2016-04-12 12:35:12.828268,149.75,149.22,149.15
2016-04-12 12:35:12.996542,149.75,149.22,149.15
2016-04-12 12:35:13.152770,149.75,149.22,149.15
2016-04-12 12:35:13.668583,149.75,149.22,149.15
2016-04-12 12:35:13.828788,149.75,149.22,149.15
2016-04-12 12:35:14.272740,149.75,149.22,149.15
2016-04-12 12:35:14.437866,149.75,149.22,149.15
2016-04-12 12:35:14.604741,149.75,149.22,149.15
2016-04-12 12:35:14.770823,149.75,149.22,149.15
2016-04-12 12:35:14.915768,149.75,149.22,149.15
2016-04-12 12:35:15.076366,149.75,149.22,149.15
2016-04-12 12:35:15.231495,149.75,149.22,149.15
2016-04-12 12:35:15.431478,149.75,149.22,149.15
2016-04-12 12:35:15.587479,149.75,149.22,149.15
2016-04-12 12:35:15.745933,149.75,149.22,149.15
2016-04-12 12:35:16.104088,149.75,149.22,149.15
2016-04-12 12:35:16.257875,149.75,149.22,149.15
2016-04-12 12:35:16.435431,149.75,149.22,149.15
2016-04-12 12:35:16.611446,149.75,149.22,149.15
2016-04-12 12:35:16.780663,149.75,149.22,149.15
2016-04-12 12:35:16.935202,149.75,149.22,149.15
2016-04-12 12:35:17.084792,149.75,149.22,149.15
2016-04-12 12:35:17.240685,149.75,149.22,149.15
2016-04-12 12:35:17.408967,149.75,149.22,149.15
2016-04-12 12:35:17.564325,149.75,149.22,149.15
2016-04-12 12:35:17.722027,149.75,149.22,149.15
2016-04-12 12:35:17.881818,149.805,149.22,149.15
2016-04-12 12:35:18.034358,149.805,149.22,149.15
2016-04-12 12:35:18.192975,149.805,149.22,149.15
2016-04-12 12:35:18.344133,149.805,149.22,149.15
2016-04-12 12:35:18.512664,149.805,149.22,149.15
2016-04-12 12:35:18.671189,149.805,149.22,149.15
2016-04-12 12:35:18.823427,149.805,149.22,149.15
2016-04-12 12:35:18.981031,149.805,149.22,149.15
2016-04-12 12:35:19.140325,149.805,149.22,149.15
2016-04-12 12:35:19.291371,149.805,149.22,149.15
2016-04-12 12:35:19.449013,149.805,149.22,149.15
2016-04-12 12:35:19.615718,149.805,149.22,149.15
2016-04-12 12:35:19.774675,149.805,149.22,149.15
2016-04-12 12:35:19.936238,149.78,149.22,149.15
2016-04-12 12:35:20.103332,149.77,149.22,149.15
2016-04-12 12:35:20.251646,149.77,149.22,149.15
2016-04-12 12:35:20.412572,149.77,149.22,149.15
2016-04-12 12:35:20.576787,149.77,149.22,149.15
2016-04-12 12:35:20.748051,149.77,149.22,149.15
2016-04-12 12:35:20.922404,149.77,149.22,149.15
2016-04-12 12:35:21.083023,149.77,149.22,149.15
2016-04-12 12:35:21.239849,149.77,149.22,149.15
2016-04-12 12:35:21.413068,149.77,149.22,149.15
2016-04-12 12:35:21.587649,149.77,149.22,149.15
2016-04-12 12:35:21.786233,149.77,149.22,149.15
2016-04-12 12:35:21.947343,149.77,149.22,149.15
2016-04-12 12:35:22.106436,149.77,149.22,149.15
2016-04-12 12:35:22.281228,149.77,149.22,149.15
2016-04-12 12:35:22.432297,149.77,149.22,149.15
2016-04-12 12:35:22.584490,149.77,149.22,149.15
2016-04-12 12:35:22.744063,149.77,149.22,149.15
2016-04-12 12:35:22.904482,149.77,149.22,149.15
2016-04-12 12:35:23.074057,149.77,149.22,149.15
2016-04-12 12:35:23.229168,149.77,149.22,149.15
2016-04-12 12:35:23.380377,149.77,149.22,149.15
2016-04-12 12:35:23.540194,149.77,149.22,149.15
2016-04-12 12:35:23.701284,149.77,149.22,149.15
2016-04-12 12:35:23.858622,149.77,149.22,149.15
2016-04-12 12:35:24.032818,149.77,149.22,149.15
2016-04-12 12:35:24.196332,149.77,149.22,149.15
2016-04-12 12:35:24.365757,149.77,149.22,149.15
2016-04-12 12:35:24.533856,149.77,149.22,149.15
2016-04-12 12:35:24.700895,149.77,149.22,149.15
2016-04-12 12:35:24.881051,149.77,149.22,149.15
2016-04-12 12:35:25.040553,149.77,149.22,149.15
2016-04-12 12:35:25.202093,149.77,149.22,149.15
2016-04-12 12:35:25.371167,149.77,149.22,149.15
2016-04-12 12:35:25.594128,149.77,149.22,149.15
2016-04-12 12:35:25.864696,149.77,149.22,149.15
2016-04-12 12:35:26.023689,149.77,149.22,149.15
2016-04-12 12:35:26.187150,149.77,149.22,149.15
2016-04-12 12:35:26.356980,149.77,149.22,149.15
2016-04-12 12:35:26.521373,149.77,149.22,149.15
2016-04-12 12:35:26.682626,149.77,149.22,149.15
2016-04-12 12:35:26.844802,149.77,149.22,149.15
2016-04-12 12:35:27.001975,149.77,149.22,149.15
2016-04-12 12:35:27.167839,149.77,149.22,149.15
2016-04-12 12:35:27.322508,149.77,149.22,149.15
2016-04-12 12:35:27.485258,149.77,149.22,149.15
2016-04-12 12:35:27.646975,149.77,149.22,149.15
2016-04-12 12:35:27.812418,149.77,149.22,149.15
2016-04-12 12:35:27.978215,149.77,149.22,149.15
2016-04-12 12:35:28.143017,149.77,149.22,149.15
2016-04-12 12:35:28.300862,149.77,149.22,149.15
2016-04-12 12:35:28.456572,149.77,149.22,149.15
2016-04-12 12:35:28.618658,149.77,149.22,149.15
2016-04-12 12:35:28.863424,149.77,149.22,149.15
2016-04-12 12:35:29.014192,149.77,149.22,149.15
2016-04-12 12:35:29.169953,149.77,149.22,149.15
2016-04-12 12:35:29.330906,149.77,149.22,149.15
2016-04-12 12:35:29.482051,149.77,149.22,149.15
2016-04-12 12:35:29.707421,149.77,149.22,149.15
2016-04-12 12:35:29.862004,149.77,149.22,149.15
2016-04-12 12:35:30.020084,149.77,149.22,149.15
2016-04-12 12:35:30.195154,149.77,149.22,149.15
2016-04-12 12:35:30.342508,149.77,149.22,149.15
2016-04-12 12:35:30.512658,149.77,149.22,149.15
2016-04-12 12:35:30.675174,149.77,149.22,149.15
2016-04-12 12:35:30.833966,149.77,149.22,149.15
2016-04-12 12:35:30.996098,149.77,149.22,149.15
2016-04-12 12:35:31.152481,149.77,149.22,149.15
2016-04-12 12:35:31.320053,149.77,149.22,149.15
2016-04-12 12:35:31.483927,149.77,149.22,149.15
2016-04-12 12:35:31.757780,149.77,149.22,149.15
2016-04-12 12:35:32.027079,149.77,149.22,149.15
2016-04-12 12:35:32.189853,149.77,149.22,149.15
2016-04-12 12:35:32.348220,149.77,149.22,149.15
2016-04-12 12:35:32.511208,149.77,149.22,149.15
2016-04-12 12:35:32.674720,149.77,149.22,149.15
2016-04-12 12:35:32.838541,149.77,149.22,149.15
2016-04-12 12:35:32.995633,149.77,149.22,149.15
2016-04-12 12:35:33.149952,149.77,149.22,149.15
2016-04-12 12:35:33.426007,149.77,149.22,149.15
2016-04-12 12:35:33.579668,149.77,149.22,149.15
2016-04-12 12:35:33.731388,149.77,149.22,149.15
2016-04-12 12:35:33.893194,149.77,149.22,149.15
2016-04-12 12:35:34.126046,149.77,149.22,149.15
2016-04-12 12:35:34.694119,149.77,149.14,149.04
2016-04-12 12:35:34.883450,149.77,149.14,149.04
2016-04-12 12:35:35.034509,149.77,149.14,149.04
2016-04-12 12:35:35.190832,149.77,149.14,149.04
2016-04-12 12:35:35.345297,149.77,149.14,149.04
2016-04-12 12:35:35.532540,149.77,149.14,149.04
2016-04-12 12:35:35.679717,149.77,149.14,149.04
2016-04-12 12:35:35.832192,149.77,149.14,149.04
2016-04-12 12:35:35.997148,149.77,149.14,149.04
2016-04-12 12:35:36.151682,149.77,149.14,149.04
2016-04-12 12:35:36.294281,149.77,149.14,149.04
2016-04-12 12:35:36.445179,149.77,149.14,149.04
2016-04-12 12:35:36.607105,149.77,149.14,149.04
2016-04-12 12:35:36.762945,149.77,149.14,149.04
2016-04-12 12:35:36.926303,149.77,149.14,149.04
2016-04-12 12:35:37.076848,149.77,149.14,149.04
2016-04-12 12:35:37.227903,149.77,149.14,149.04
2016-04-12 12:35:37.380200,149.77,149.14,149.04
2016-04-12 12:35:37.538046,149.77,149.14,149.04
2016-04-12 12:35:37.692583,149.77,149.14,149.04
2016-04-12 12:35:37.881064,149.77,149.14,149.04
2016-04-12 12:35:38.029493,149.77,149.14,149.04
2016-04-12 12:35:38.184132,149.77,149.14,149.04
2016-04-12 12:35:38.341461,149.77,149.14,149.04
2016-04-12 12:35:38.515059,149.77,149.14,149.04
2016-04-12 12:35:38.676001,149.77,149.14,149.04
2016-04-12 12:35:38.999946,149.77,149.14,149.04
2016-04-12 12:35:39.241837,149.77,149.14,149.04
2016-04-12 12:35:39.421014,149.77,149.14,149.04
2016-04-12 12:35:39.573087,149.77,149.14,149.04
2016-04-12 12:35:39.746571,149.77,149.14,149.04
2016-04-12 12:35:39.900788,149.77,149.14,149.04
2016-04-12 12:35:40.055873,149.77,149.14,149.04
2016-04-12 12:35:40.224202,149.77,149.14,149.04
2016-04-12 12:35:40.388239,149.77,149.14,149.04
2016-04-12 12:35:40.536792,149.77,149.14,149.04
2016-04-12 12:35:40.761940,149.77,149.14,149.04
2016-04-12 12:35:40.917925,149.77,149.14,149.04
2016-04-12 12:35:41.088750,149.77,149.14,149.04
2016-04-12 12:35:41.239274,149.77,149.14,149.04
2016-04-12 12:35:41.392353,149.77,149.14,149.04
2016-04-12 12:35:41.544520,149.77,149.14,149.04
2016-04-12 12:35:41.699484,149.77,149.14,149.04
2016-04-12 12:35:41.857264,149.77,149.14,149.04
2016-04-12 12:35:42.021810,149.77,149.14,149.04
2016-04-12 12:35:42.191161,149.77,149.14,149.04
2016-04-12 12:35:42.339722,149.77,149.14,149.04
2016-04-12 12:35:42.500508,149.77,149.14,149.04
2016-04-12 12:35:42.656645,149.77,149.14,149.04
2016-04-12 12:35:42.814759,149.77,149.14,149.04
2016-04-12 12:35:42.976809,149.77,149.14,149.04
2016-04-12 12:35:43.178696,149.77,149.14,149.04
2016-04-12 12:35:43.328982,149.77,149.14,149.04
2016-04-12 12:35:43.485740,149.77,149.09,148.95
2016-04-12 12:35:43.648135,149.77,149.09,148.95
2016-04-12 12:35:43.798674,149.77,149.09,148.95
2016-04-12 12:35:43.940334,149.77,149.09,148.95
2016-04-12 12:35:44.211799,149.77,149.09,148.95
2016-04-12 12:35:44.369696,149.77,149.09,148.95
2016-04-12 12:35:44.570598,149.77,149.09,148.95
2016-04-12 12:35:44.723240,149.77,149.09,148.95
2016-04-12 12:35:44.919737,149.77,149.09,148.95
2016-04-12 12:35:45.060274,149.77,149.09,148.95
2016-04-12 12:35:45.214431,149.77,149.09,148.95
2016-04-12 12:35:45.363332,149.77,149.09,148.95
2016-04-12 12:35:45.506004,149.77,149.09,148.95
2016-04-12 12:35:45.666818,149.77,149.09,148.95
2016-04-12 12:35:45.818986,149.77,149.09,148.95
2016-04-12 12:35:45.980747,149.77,149.09,148.95
2016-04-12 12:35:46.143644,149.77,149.09,148.95
2016-04-12 12:35:46.300349,149.77,149.09,148.95
2016-04-12 12:35:46.461182,149.77,149.09,148.95
2016-04-12 12:35:46.614666,149.77,149.09,148.95
2016-04-12 12:35:46.772329,149.77,149.09,148.95
2016-04-12 12:35:47.015253,149.77,149.09,148.95
2016-04-12 12:35:47.172513,149.77,149.09,148.95
2016-04-12 12:35:47.400930,149.77,149.09,148.95
2016-04-12 12:35:47.551864,149.77,149.09,148.95
2016-04-12 12:35:47.706271,149.77,149.09,148.95
2016-04-12 12:35:47.852434,149.77,149.09,148.95
2016-04-12 12:35:48.015290,149.77,149.09,148.95
2016-04-12 12:35:48.182973,149.77,149.09,148.95
2016-04-12 12:35:48.330652,149.77,149.09,148.95
2016-04-12 12:35:48.501852,149.77,149.09,148.95
2016-04-12 12:35:48.654958,149.77,149.09,148.95
2016-04-12 12:35:48.816958,149.77,149.09,148.95
2016-04-12 12:35:49.047848,149.77,149.09,148.95
2016-04-12 12:35:49.228505,149.77,149.09,148.95
2016-04-12 12:35:49.399830,149.77,149.09,148.95
2016-04-12 12:35:49.591332,149.77,149.09,148.95
2016-04-12 12:35:49.741226,149.77,149.09,148.95
2016-04-12 12:35:49.896568,149.77,149.09,148.95
2016-04-12 12:35:50.059247,149.77,149.09,148.95
2016-04-12 12:35:50.215205,149.77,149.09,148.95
2016-04-12 12:35:50.371747,149.77,149.09,148.95
2016-04-12 12:35:50.533997,149.77,149.09,148.95
2016-04-12 12:35:50.694416,149.77,149.09,148.95
2016-04-12 12:35:50.852378,149.77,149.09,148.95
2016-04-12 12:35:51.022213,149.77,149.09,148.95
2016-04-12 12:35:51.192793,149.77,149.09,148.95
2016-04-12 12:35:51.365797,149.77,149.09,148.95
2016-04-12 12:35:51.545089,149.77,149.09,148.95
2016-04-12 12:35:51.696857,149.77,149.09,148.95
2016-04-12 12:35:51.857365,149.77,149.09,148.95
2016-04-12 12:35:52.001861,149.77,149.09,148.95
2016-04-12 12:35:52.160480,149.77,149.09,148.95
2016-04-12 12:35:52.313793,149.77,149.09,148.95
2016-04-12 12:35:52.573291,149.77,149.09,148.95
2016-04-12 12:35:52.729477,149.77,149.09,148.95
2016-04-12 12:35:52.885690,149.77,149.09,148.95
2016-04-12 12:35:53.044487,149.77,149.09,148.95
2016-04-12 12:35:53.373494,149.77,149.09,148.95
2016-04-12 12:35:53.516058,149.77,149.09,148.95
2016-04-12 12:35:53.670445,149.77,149.09,148.95
2016-04-12 12:35:53.824373,149.77,149.09,148.95
2016-04-12 12:35:53.995755,149.77,149.09,148.95
2016-04-12 12:35:54.144185,149.77,149.09,148.95
2016-04-12 12:35:54.310969,149.77,149.09,148.95
2016-04-12 12:35:54.466031,149.77,149.09,148.95
2016-04-12 12:35:54.626383,149.77,149.09,148.95
2016-04-12 12:35:54.818806,149.77,149.09,148.95
2016-04-12 12:35:54.967063,149.77,149.09,148.95
2016-04-12 12:35:55.170333,149.77,149.09,148.95
2016-04-12 12:35:55.820175,149.77,149.09,148.95
2016-04-12 12:35:55.989174,149.77,149.09,148.95
2016-04-12 12:35:56.154741,149.77,149.09,148.95
2016-04-12 12:35:56.315733,149.77,149.09,148.95
2016-04-12 12:35:56.473900,149.77,149.09,148.95
2016-04-12 12:35:56.629194,149.77,149.09,148.95
2016-04-12 12:35:56.781350,149.77,149.09,148.95
2016-04-12 12:35:56.930205,149.78,149.09,148.95
2016-04-12 12:35:57.182608,149.78,149.09,148.95
2016-04-12 12:35:57.325137,149.78,149.09,148.95
2016-04-12 12:35:57.473576,149.78,149.09,148.95
2016-04-12 12:35:57.634925,149.78,149.09,148.95
2016-04-12 12:35:57.795188,149.78,149.09,148.95
2016-04-12 12:35:57.943174,149.78,149.09,148.95
2016-04-12 12:35:58.147087,149.78,149.09,148.95
2016-04-12 12:35:58.291561,149.78,149.09,148.95
2016-04-12 12:35:58.444801,149.78,149.09,148.95
2016-04-12 12:35:58.609655,149.78,149.09,148.95
2016-04-12 12:35:58.768851,149.78,149.09,148.95
2016-04-12 12:35:58.954604,149.78,149.09,148.95
2016-04-12 12:35:59.329293,149.78,149.09,148.95
2016-04-12 12:35:59.758576,149.78,149.09,148.95
2016-04-12 12:35:59.983343,149.78,149.09,148.95
2016-04-12 12:36:00.137815,149.78,149.09,148.95
2016-04-12 12:36:00.289639,149.78,149.09,148.95
2016-04-12 12:36:00.454034,149.78,149.09,148.95
2016-04-12 12:36:00.956856,149.78,149.09,148.95
2016-04-12 12:36:01.107197,149.78,149.09,148.95
2016-04-12 12:36:01.258616,149.78,149.09,148.95
2016-04-12 12:36:01.433346,149.78,149.09,148.95
2016-04-12 12:36:01.588301,149.78,149.09,148.95
2016-04-12 12:36:01.749042,149.78,149.09,148.95
2016-04-12 12:36:02.300862,149.78,149.09,148.95
2016-04-12 12:36:02.451926,149.78,149.09,148.95
2016-04-12 12:36:02.620355,149.78,149.09,148.95
2016-04-12 12:36:02.779590,149.78,149.09,148.95
2016-04-12 12:36:02.947779,149.78,149.09,148.95
2016-04-12 12:36:03.377447,149.78,149.09,148.95
2016-04-12 12:36:03.542091,149.78,149.09,148.95
2016-04-12 12:36:03.711505,149.78,149.09,148.95
2016-04-12 12:36:03.861085,149.78,149.09,148.95
2016-04-12 12:36:04.012621,149.78,149.09,148.95
2016-04-12 12:36:04.199565,149.78,149.09,148.95
2016-04-12 12:36:04.644220,149.78,149.09,148.95
2016-04-12 12:36:04.806687,149.78,149.09,148.95
2016-04-12 12:36:05.257960,149.78,149.09,148.95
2016-04-12 12:36:05.404620,149.78,149.09,148.95
2016-04-12 12:36:05.554111,149.78,149.09,148.95
2016-04-12 12:36:05.730644,149.78,149.09,148.95
2016-04-12 12:36:05.888407,149.78,149.09,148.95
2016-04-12 12:36:06.047738,149.78,149.09,148.95
2016-04-12 12:36:06.507084,149.78,149.09,148.95
2016-04-12 12:36:06.686552,149.78,149.09,148.95
2016-04-12 12:36:06.834201,149.78,149.09,148.95
2016-04-12 12:36:06.985444,149.78,149.09,148.95
2016-04-12 12:36:07.132646,149.78,149.09,148.95
2016-04-12 12:36:07.307035,149.78,149.09,148.95
2016-04-12 12:36:07.491947,149.78,149.09,148.95
2016-04-12 12:36:07.647033,149.78,149.09,148.95
2016-04-12 12:36:07.836233,149.78,149.09,148.95
2016-04-12 12:36:07.998754,149.78,149.09,148.95
2016-04-12 12:36:08.172770,149.78,149.09,148.95
2016-04-12 12:36:08.337107,149.78,149.09,148.95
2016-04-12 12:36:08.532054,149.78,149.09,148.95
2016-04-12 12:36:08.711949,149.78,149.09,148.95
2016-04-12 12:36:08.879086,149.78,149.09,148.95
2016-04-12 12:36:09.045307,149.78,149.09,148.95
2016-04-12 12:36:09.232315,149.78,149.09,148.95
2016-04-12 12:36:09.387606,149.78,149.09,148.95
2016-04-12 12:36:09.540419,149.78,149.09,148.95
2016-04-12 12:36:09.692499,149.78,149.09,148.95
2016-04-12 12:36:10.505537,149.78,149.09,148.95
2016-04-12 12:36:10.696074,149.78,149.09,148.95
2016-04-12 12:36:11.097049,149.78,149.09,148.95
2016-04-12 12:36:11.274258,149.78,149.09,148.95
2016-04-12 12:36:11.737015,149.78,149.09,148.95
2016-04-12 12:36:11.907356,149.78,149.09,148.95
2016-04-12 12:36:12.086333,149.78,149.09,148.95
2016-04-12 12:36:12.237923,149.78,149.09,148.95
2016-04-12 12:36:12.390244,149.78,149.09,148.95
2016-04-12 12:36:12.565540,149.78,149.09,148.95
2016-04-12 12:36:12.736307,149.78,149.09,148.95
2016-04-12 12:36:12.917566,149.78,149.09,148.95
2016-04-12 12:36:13.106665,149.78,149.09,148.95
2016-04-12 12:36:13.266015,149.78,149.09,148.95
2016-04-12 12:36:13.451738,149.78,149.09,148.95
2016-04-12 12:36:13.596342,149.78,149.09,148.95
2016-04-12 12:36:13.758444,149.78,149.09,148.95
2016-04-12 12:36:13.916318,149.78,149.09,148.95
2016-04-12 12:36:14.355455,149.78,149.09,148.95
2016-04-12 12:36:14.513796,149.78,149.09,148.95
2016-04-12 12:36:14.667503,149.78,149.09,148.95
2016-04-12 12:36:14.851241,149.78,149.09,148.95
2016-04-12 12:36:14.996010,149.78,149.09,148.95
2016-04-12 12:36:15.149642,149.78,149.09,148.95
2016-04-12 12:36:15.316698,149.78,149.09,148.95
2016-04-12 12:36:15.565302,149.78,149.09,148.95
2016-04-12 12:36:15.761342,149.78,149.09,148.95
2016-04-12 12:36:15.953830,149.78,149.09,148.95
2016-04-12 12:36:16.134896,149.78,149.09,148.95
2016-04-12 12:36:16.316335,149.78,149.09,148.95
2016-04-12 12:36:16.584384,149.78,149.09,148.95
2016-04-12 12:36:16.765014,149.78,149.09,148.95
2016-04-12 12:36:16.968734,149.78,149.09,148.95
2016-04-12 12:36:17.130209,149.78,149.09,148.95
2016-04-12 12:36:17.295624,149.78,149.09,148.95
2016-04-12 12:36:17.483576,149.78,149.09,148.95
2016-04-12 12:36:17.629910,149.78,149.09,148.95
2016-04-12 12:36:17.798207,149.78,149.09,148.95
2016-04-12 12:36:17.959575,149.78,149.09,148.95
2016-04-12 12:36:18.130251,149.78,149.09,148.95
2016-04-12 12:36:18.281776,149.78,149.09,148.95
2016-04-12 12:36:18.543209,149.78,149.09,148.95
2016-04-12 12:36:18.701185,149.78,149.09,148.95
2016-04-12 12:36:18.855225,149.78,149.09,148.95
2016-04-12 12:36:19.022536,149.78,149.09,148.95
2016-04-12 12:36:19.183658,149.78,149.09,148.95
