time,price,bid,ask
2016-04-12 12:35:48.136925,59.06,58.98,58.97
2016-04-12 12:35:48.281773,59.06,58.98,58.97
2016-04-12 12:35:48.445451,59.06,58.98,58.97
2016-04-12 12:35:48.597686,59.06,58.98,58.97
2016-04-12 12:35:48.771636,59.06,58.98,58.97
2016-04-12 12:35:49.000848,59.06,58.98,58.97
2016-04-12 12:35:49.182333,59.0601,58.98,58.97
2016-04-12 12:35:49.591212,59.07,58.98,58.97
2016-04-12 12:35:49.751452,59.07,58.98,58.97
2016-04-12 12:35:49.894584,59.07,58.98,58.97
2016-04-12 12:35:50.046668,59.07,58.98,58.97
2016-04-12 12:35:50.220313,59.0733,58.98,58.97
2016-04-12 12:35:50.374667,59.0733,58.98,58.97
2016-04-12 12:35:50.533932,59.0733,58.98,58.97
2016-04-12 12:35:50.712855,59.0733,58.98,58.97
2016-04-12 12:35:50.875714,59.0733,58.98,58.97
2016-04-12 12:35:51.033733,59.0733,58.98,58.97
2016-04-12 12:35:51.191147,59.0733,58.98,58.97
2016-04-12 12:35:51.346277,59.0733,58.98,58.97
2016-04-12 12:35:51.491576,59.0733,58.98,58.97
2016-04-12 12:35:51.633903,59.0733,58.98,58.97
2016-04-12 12:35:51.824529,59.085,58.98,58.97
2016-04-12 12:35:51.972889,59.085,58.98,58.97
2016-04-12 12:35:52.123393,59.085,58.98,58.97
2016-04-12 12:35:52.271288,59.085,58.98,58.97
2016-04-12 12:35:52.423276,59.085,58.98,58.97
2016-04-12 12:35:52.576183,59.085,58.98,58.97
2016-04-12 12:35:52.779999,59.085,58.98,58.97
2016-04-12 12:35:52.955560,59.085,58.98,58.97
2016-04-12 12:35:53.306826,59.085,58.98,58.97
2016-04-12 12:35:53.454948,59.0957,58.98,58.97
2016-04-12 12:35:53.593706,59.0957,58.98,58.97
2016-04-12 12:35:53.754004,59.0957,58.98,58.97
2016-04-12 12:35:53.992887,59.0957,58.98,58.97
2016-04-12 12:35:54.149261,59.0957,58.98,58.97
2016-04-12 12:35:54.304701,59.0957,58.98,58.97
2016-04-12 12:35:54.462330,59.0957,58.98,58.97
2016-04-12 12:35:54.626383,59.0957,58.98,58.97
2016-04-12 12:35:54.787115,59.0957,58.98,58.97
2016-04-12 12:35:54.946751,59.0957,58.98,58.97
2016-04-12 12:35:55.103625,59.0957,58.98,58.97
2016-04-12 12:35:55.272377,59.0957,58.98,58.97
2016-04-12 12:35:55.422271,59.0957,58.98,58.97
2016-04-12 12:35:55.581119,59.0957,58.98,58.97
2016-04-12 12:35:55.753970,59.0957,58.98,58.97
2016-04-12 12:35:55.922118,59.095,58.98,58.97
2016-04-12 12:35:56.084545,59.095,58.98,58.97
2016-04-12 12:35:56.249246,59.095,58.98,58.97
2016-04-12 12:35:56.412805,59.095,58.98,58.97
2016-04-12 12:35:56.567345,59.095,58.98,58.97
2016-04-12 12:35:56.730824,59.095,58.98,58.97
2016-04-12 12:35:56.902273,59.095,58.98,58.97
2016-04-12 12:35:57.163644,59.095,58.98,58.97
2016-04-12 12:35:57.312835,59.095,58.98,58.97
2016-04-12 12:35:57.473466,59.095,58.98,58.97
2016-04-12 12:35:57.628185,59.095,58.98,58.97
2016-04-12 12:35:57.793432,59.095,58.98,58.97
2016-04-12 12:35:58.034624,59.1,58.98,58.97
2016-04-12 12:35:58.186907,59.1,58.98,58.97
2016-04-12 12:35:58.337212,59.1,58.98,58.97
2016-04-12 12:35:58.485350,59.1,58.98,58.97
2016-04-12 12:35:58.643426,59.1,58.98,58.97
2016-04-12 12:35:58.794259,59.1,58.98,58.97
2016-04-12 12:35:58.965603,59.1,58.98,58.97
2016-04-12 12:35:59.120915,59.1,58.98,58.97
2016-04-12 12:35:59.286083,59.1,58.98,58.97
2016-04-12 12:35:59.437786,59.1,58.98,58.97
2016-04-12 12:35:59.587394,59.1,58.98,58.97
2016-04-12 12:35:59.733676,59.1,58.98,58.97
2016-04-12 12:35:59.891881,59.1,58.98,58.97
2016-04-12 12:36:00.052409,59.1,58.98,58.97
2016-04-12 12:36:00.205429,59.1,58.98,58.97
2016-04-12 12:36:00.361140,59.1,58.98,58.97
2016-04-12 12:36:00.534541,59.1,58.98,58.97
2016-04-12 12:36:00.687913,59.1,58.98,58.97
2016-04-12 12:36:00.834064,59.1,58.98,58.97
2016-04-12 12:36:01.018930,59.1,58.98,58.97
2016-04-12 12:36:01.168072,59.1,58.98,58.97
2016-04-12 12:36:01.327729,59.1,58.98,58.97
2016-04-12 12:36:01.494949,59.1,58.98,58.97
2016-04-12 12:36:01.667127,59.1,58.98,58.97
2016-04-12 12:36:01.821638,59.1,58.98,58.97
2016-04-12 12:36:01.989156,59.1,58.98,58.97
2016-04-12 12:36:02.151982,59.1,58.98,58.97
2016-04-12 12:36:02.334870,59.1,58.98,58.97
2016-04-12 12:36:02.497037,59.1,58.98,58.97
2016-04-12 12:36:02.665288,59.1,58.98,58.97
2016-04-12 12:36:02.814666,59.1,58.98,58.97
2016-04-12 12:36:02.984774,59.1,58.98,58.97
2016-04-12 12:36:03.138903,59.1,58.98,58.97
2016-04-12 12:36:03.281256,59.1,58.98,58.97
2016-04-12 12:36:03.439653,59.096,58.98,58.97
2016-04-12 12:36:03.601892,59.096,58.98,58.97
2016-04-12 12:36:03.771294,59.096,58.98,58.97
2016-04-12 12:36:03.927583,59.096,58.98,58.97
2016-04-12 12:36:04.088561,59.096,58.98,58.97
2016-04-12 12:36:04.250003,59.096,58.98,58.97
2016-04-12 12:36:04.414727,59.096,58.98,58.97
2016-04-12 12:36:04.564237,59.096,58.98,58.97
2016-04-12 12:36:04.717367,59.096,58.98,58.97
2016-04-12 12:36:04.877225,59.096,58.98,58.97
2016-04-12 12:36:05.037415,59.096,58.98,58.97
2016-04-12 12:36:05.180004,59.096,58.98,58.97
2016-04-12 12:36:05.334095,59.096,58.98,58.97
2016-04-12 12:36:05.489482,59.096,58.98,58.97
2016-04-12 12:36:05.660679,59.096,58.98,58.97
2016-04-12 12:36:05.823761,59.096,58.98,58.97
2016-04-12 12:36:05.986838,59.096,58.98,58.97
2016-04-12 12:36:06.137386,59.096,58.98,58.97
2016-04-12 12:36:06.323965,59.096,58.98,58.97
2016-04-12 12:36:06.489779,59.096,58.98,58.97
2016-04-12 12:36:06.673169,59.096,58.98,58.97
2016-04-12 12:36:06.820566,59.096,58.98,58.97
2016-04-12 12:36:06.974116,59.096,58.98,58.97
2016-04-12 12:36:07.133120,59.096,58.98,58.97
2016-04-12 12:36:07.305521,59.096,58.98,58.97
2016-04-12 12:36:07.492477,59.096,58.98,58.97
2016-04-12 12:36:07.651006,59.0965,58.98,58.97
2016-04-12 12:36:07.833283,59.0965,58.98,58.97
2016-04-12 12:36:07.999148,59.0965,58.98,58.97
2016-04-12 12:36:08.187139,59.0965,58.98,58.97
2016-04-12 12:36:08.343109,59.0965,58.98,58.97
2016-04-12 12:36:08.530679,59.0965,58.98,58.97
2016-04-12 12:36:08.715552,59.0965,58.98,58.97
2016-04-12 12:36:08.878896,59.0965,58.98,58.97
2016-04-12 12:36:09.046846,59.0965,58.98,58.97
2016-04-12 12:36:09.216601,59.0965,58.98,58.97
2016-04-12 12:36:09.668883,59.0965,58.98,58.97
2016-04-12 12:36:09.845556,59.0965,58.98,58.97
2016-04-12 12:36:10.007525,59.0965,58.98,58.97
2016-04-12 12:36:10.186338,59.0965,58.98,58.97
2016-04-12 12:36:10.366027,59.0965,58.98,58.97
2016-04-12 12:36:10.522574,59.0965,58.98,58.97
2016-04-12 12:36:10.702171,59.0965,58.98,58.97
2016-04-12 12:36:10.868427,59.0965,58.98,58.97
2016-04-12 12:36:11.021204,59.0965,58.98,58.97
2016-04-12 12:36:11.177581,59.0965,58.98,58.97
2016-04-12 12:36:11.350947,59.0965,58.98,58.97
2016-04-12 12:36:11.501747,59.0965,58.98,58.97
2016-04-12 12:36:11.665348,59.0965,58.98,58.97
2016-04-12 12:36:11.838997,59.0965,58.98,58.97
2016-04-12 12:36:11.999433,59.0965,58.98,58.97
2016-04-12 12:36:12.223344,59.0965,58.98,58.97
2016-04-12 12:36:12.386997,59.0965,58.98,58.97
2016-04-12 12:36:12.556999,59.0965,58.98,58.97
2016-04-12 12:36:12.740129,59.0965,58.98,58.97
2016-04-12 12:36:13.210424,59.0965,58.98,58.97
2016-04-12 12:36:13.774690,59.0965,58.98,58.97
2016-04-12 12:36:13.936547,59.0965,58.98,58.97
2016-04-12 12:36:14.090192,59.0965,58.98,58.97
2016-04-12 12:36:14.254801,59.0965,58.98,58.97
2016-04-12 12:36:14.414065,59.0965,58.98,58.97
2016-04-12 12:36:14.565936,59.0965,58.98,58.97
2016-04-12 12:36:14.718679,59.0965,58.98,58.97
2016-04-12 12:36:14.887278,59.0965,58.98,58.97
2016-04-12 12:36:15.051714,59.0965,58.98,58.97
2016-04-12 12:36:15.204297,59.0965,58.98,58.97
2016-04-12 12:36:15.372684,59.0965,58.98,58.97
2016-04-12 12:36:15.617207,59.0965,58.98,58.97
2016-04-12 12:36:15.835879,59.1,58.98,58.97
2016-04-12 12:36:16.132283,59.1,58.98,58.97
2016-04-12 12:36:16.306828,59.1,58.98,58.97
2016-04-12 12:36:16.483755,59.1,58.98,58.97
2016-04-12 12:36:16.666497,59.1,58.98,58.97
2016-04-12 12:36:16.847766,59.1,58.98,58.97
2016-04-12 12:36:17.007184,59.1,58.98,58.97
2016-04-12 12:36:17.169023,59.1,58.98,58.97
2016-04-12 12:36:17.330472,59.1,58.98,58.97
2016-04-12 12:36:17.600499,59.1,58.98,58.97
2016-04-12 12:36:17.771054,59.1064,58.98,58.97
2016-04-12 12:36:17.923567,59.1064,58.98,58.97
2016-04-12 12:36:18.077270,59.1064,58.98,58.97
2016-04-12 12:36:18.229173,59.1064,58.98,58.97
2016-04-12 12:36:18.384530,59.1064,58.98,58.97
2016-04-12 12:36:18.537393,59.1064,58.98,58.97
2016-04-12 12:36:18.697282,59.1064,58.98,58.97
2016-04-12 12:36:18.852648,59.1064,58.98,58.97
2016-04-12 12:36:19.254907,59.1064,58.98,58.97
2016-04-12 12:36:19.410956,59.1064,58.98,58.97
2016-04-12 12:36:19.560651,59.1064,58.98,58.97
2016-04-12 12:36:20.022108,59.1064,58.98,58.97
2016-04-12 12:36:20.178784,59.1064,58.98,58.97
2016-04-12 12:36:20.336586,59.1064,58.98,58.97
2016-04-12 12:36:20.492511,59.1064,58.98,58.97
2016-04-12 12:36:20.642448,59.1064,58.98,58.97
2016-04-12 12:36:20.802471,59.1064,58.98,58.97
2016-04-12 12:36:20.975957,59.1064,58.98,58.97
2016-04-12 12:36:21.180180,59.1064,58.98,58.97
2016-04-12 12:36:21.348714,59.1064,58.98,58.97
2016-04-12 12:36:21.498717,59.1064,58.98,58.97
2016-04-12 12:36:21.646417,59.1064,58.98,58.97
2016-04-12 12:36:21.796658,59.1064,58.98,58.97
2016-04-12 12:36:21.948727,59.1064,58.98,58.97
2016-04-12 12:36:22.102460,59.1064,58.98,58.97
2016-04-12 12:36:22.380281,59.1064,58.98,58.97
2016-04-12 12:36:22.525072,59.11,58.98,58.97
2016-04-12 12:36:23.047840,59.11,58.98,58.97
2016-04-12 12:36:23.192692,59.11,58.98,58.97
2016-04-12 12:36:23.343354,59.11,58.98,58.97
2016-04-12 12:36:23.499939,59.11,58.98,58.97
2016-04-12 12:36:23.655927,59.11,58.98,58.97
2016-04-12 12:36:23.808583,59.11,58.98,58.97
2016-04-12 12:36:23.953080,59.11,58.98,58.97
2016-04-12 12:36:24.095097,59.11,58.98,58.97
2016-04-12 12:36:24.246855,59.11,58.98,58.97
2016-04-12 12:36:24.400024,59.11,58.98,58.97
2016-04-12 12:36:24.661544,59.11,58.98,58.97
2016-04-12 12:36:24.818534,59.11,58.98,58.97
2016-04-12 12:36:24.965483,59.11,58.98,58.97
2016-04-12 12:36:25.135078,59.11,58.98,58.97
2016-04-12 12:36:25.287621,59.11,58.98,58.97
2016-04-12 12:36:25.435462,59.11,58.98,58.97
2016-04-12 12:36:25.602957,59.11,58.98,58.97
2016-04-12 12:36:25.749185,59.11,58.98,58.97
2016-04-12 12:36:25.928420,59.11,58.98,58.97
2016-04-12 12:36:26.142285,59.11,58.98,58.97
2016-04-12 12:36:26.302864,59.11,58.98,58.97
2016-04-12 12:36:26.457946,59.11,58.98,58.97
2016-04-12 12:36:26.614359,59.11,58.98,58.97
2016-04-12 12:36:26.841833,59.11,58.98,58.97
2016-04-12 12:36:27.005802,59.11,58.98,58.97
2016-04-12 12:36:27.157612,59.11,58.98,58.97
2016-04-12 12:36:27.311741,59.11,58.98,58.97
2016-04-12 12:36:27.485230,59.11,58.98,58.97
2016-04-12 12:36:27.666492,59.11,58.97,58.96
2016-04-12 12:36:27.829208,59.11,58.97,58.96
2016-04-12 12:36:27.977595,59.11,58.97,58.96
2016-04-12 12:36:28.124548,59.105,58.97,58.96
2016-04-12 12:36:28.308664,59.105,58.97,58.96
2016-04-12 12:36:28.459302,59.105,58.97,58.96
2016-04-12 12:36:28.606487,59.105,58.97,58.96
2016-04-12 12:36:28.768632,59.105,58.97,58.96
2016-04-12 12:36:28.935757,59.105,58.97,58.96
2016-04-12 12:36:29.092231,59.105,58.97,58.96
2016-04-12 12:36:29.236146,59.105,58.97,58.96
2016-04-12 12:36:29.392509,59.105,58.97,58.96
2016-04-12 12:36:29.544626,59.105,58.97,58.96
2016-04-12 12:36:29.690217,59.105,58.97,58.96
2016-04-12 12:36:29.846996,59.105,58.97,58.96
2016-04-12 12:36:29.993069,59.105,58.97,58.96
2016-04-12 12:36:30.144327,59.105,58.97,58.96
2016-04-12 12:36:30.298999,59.105,58.97,58.96
2016-04-12 12:36:30.443954,59.105,58.97,58.96
2016-04-12 12:36:30.589342,59.105,58.97,58.96
2016-04-12 12:36:30.749440,59.105,58.97,58.96
2016-04-12 12:36:30.933689,59.1019,58.97,58.96
2016-04-12 12:36:31.085522,59.1019,58.97,58.96
2016-04-12 12:36:31.230989,59.1019,58.97,58.96
2016-04-12 12:36:31.416701,59.1019,58.97,58.96
2016-04-12 12:36:31.580895,59.1019,58.97,58.96
2016-04-12 12:36:31.738576,59.1019,58.97,58.96
2016-04-12 12:36:31.886285,59.1019,58.97,58.96
2016-04-12 12:36:32.147181,59.1019,58.97,58.96
2016-04-12 12:36:32.664806,59.1019,58.97,58.96
2016-04-12 12:36:32.818669,59.1019,58.97,58.96
2016-04-12 12:36:33.036526,59.1019,58.97,58.96
2016-04-12 12:36:33.598650,59.1019,58.97,58.96
2016-04-12 12:36:33.757263,59.1019,58.97,58.96
2016-04-12 12:36:33.923839,59.1019,58.97,58.96
2016-04-12 12:36:34.073272,59.1019,58.97,58.96
2016-04-12 12:36:34.226149,59.1019,58.97,58.96
2016-04-12 12:36:34.367710,59.1019,58.97,58.96
2016-04-12 12:36:34.516144,59.1019,58.97,58.96
2016-04-12 12:36:34.676303,59.1019,58.97,58.96
2016-04-12 12:36:34.905529,59.1019,58.97,58.96
2016-04-12 12:36:35.052572,59.1019,58.97,58.96
2016-04-12 12:36:35.209974,59.1019,58.97,58.96
2016-04-12 12:36:35.352838,59.1019,58.97,58.96
2016-04-12 12:36:35.539181,59.1019,58.97,58.96
2016-04-12 12:36:35.685533,59.1019,58.97,58.96
2016-04-12 12:36:35.839361,59.1019,58.97,58.96
2016-04-12 12:36:35.990296,59.1019,58.97,58.96
2016-04-12 12:36:36.136117,59.1019,58.97,58.96
2016-04-12 12:36:36.284603,59.105,58.97,58.96
2016-04-12 12:36:36.436442,59.105,58.97,58.96
2016-04-12 12:36:36.689801,59.105,58.97,58.96
2016-04-12 12:36:36.843647,59.105,58.97,58.96
2016-04-12 12:36:36.995178,59.105,58.97,58.96
2016-04-12 12:36:37.143245,59.105,58.97,58.96
2016-04-12 12:36:37.289601,59.105,58.97,58.96
2016-04-12 12:36:37.449183,59.105,58.97,58.96
2016-04-12 12:36:37.597214,59.105,58.97,58.96
2016-04-12 12:36:37.746187,59.105,58.97,58.96
2016-04-12 12:36:37.952302,59.105,58.97,58.96
2016-04-12 12:36:38.098120,59.105,58.97,58.96
2016-04-12 12:36:38.254805,59.105,58.97,58.96
2016-04-12 12:36:38.414655,59.105,58.97,58.96
2016-04-12 12:36:38.576427,59.105,58.97,58.96
2016-04-12 12:36:38.855202,59.105,58.97,58.96
2016-04-12 12:36:38.997942,59.105,58.97,58.96
2016-04-12 12:36:39.179232,59.105,58.97,58.96
2016-04-12 12:36:39.332728,59.105,58.97,58.96
2016-04-12 12:36:39.489571,59.105,58.97,58.96
2016-04-12 12:36:39.646803,59.105,58.97,58.96
2016-04-12 12:36:39.799503,59.105,58.97,58.96
2016-04-12 12:36:39.945396,59.105,58.97,58.96
2016-04-12 12:36:40.139681,59.105,58.97,58.96
2016-04-12 12:36:40.295549,59.105,58.97,58.96
2016-04-12 12:36:40.447509,59.105,58.97,58.96
2016-04-12 12:36:40.624308,59.11,58.97,58.96
2016-04-12 12:36:40.780631,59.11,58.97,58.96
2016-04-12 12:36:40.940083,59.11,58.97,58.96
2016-04-12 12:36:41.099809,59.11,58.97,58.96
2016-04-12 12:36:41.252804,59.11,58.97,58.96
2016-04-12 12:36:41.440554,59.11,58.97,58.96
2016-04-12 12:36:41.603741,59.11,58.97,58.96
2016-04-12 12:36:41.770098,59.11,58.97,58.96
2016-04-12 12:36:41.930307,59.11,58.97,58.96
2016-04-12 12:36:42.091189,59.11,58.97,58.96
2016-04-12 12:36:42.243208,59.1,58.98,58.97
2016-04-12 12:36:42.399521,59.105,58.98,58.97
2016-04-12 12:36:42.554226,59.105,58.98,58.97
2016-04-12 12:36:42.708584,59.105,58.98,58.97
2016-04-12 12:36:42.860817,59.105,58.98,58.97
2016-04-12 12:36:43.008595,59.105,58.98,58.97
2016-04-12 12:36:43.168584,59.105,58.98,58.97
2016-04-12 12:36:43.316061,59.105,58.98,58.97
2016-04-12 12:36:43.471390,59.105,58.98,58.97
2016-04-12 12:36:43.466792,59.105,58.98,58.97
2016-04-12 12:36:44.270997,59.105,58.98,58.97
2016-04-12 12:36:44.935559,59.105,58.98,58.97
2016-04-12 12:36:45.447917,59.105,58.98,58.97
2016-04-12 12:36:46.112246,59.105,58.98,58.97
2016-04-12 12:36:46.645256,59.105,58.98,58.97
2016-04-12 12:36:47.702699,59.11,58.98,58.97
2016-04-12 12:36:48.209569,59.12,58.98,58.97
2016-04-12 12:36:48.858269,59.12,58.98,58.97
2016-04-12 12:36:49.696027,59.12,58.98,58.97
2016-04-12 12:36:50.207070,59.12,58.98,58.97
2016-04-12 12:36:50.733655,59.12,58.98,58.97
2016-04-12 12:36:51.587006,59.125,58.98,58.97
2016-04-12 12:36:51.963508,59.125,58.98,58.97
2016-04-12 12:36:52.611167,59.125,58.98,58.97
2016-04-12 12:36:53.121935,59.125,58.98,58.97
2016-04-12 12:36:55.057571,59.13,58.98,58.97
2016-04-12 12:36:55.207418,59.13,58.98,58.97
2016-04-12 12:36:55.351810,59.13,58.98,58.97
2016-04-12 12:36:55.498627,59.13,58.98,58.97
2016-04-12 12:36:55.651406,59.13,58.98,58.97
2016-04-12 12:36:55.800861,59.13,58.98,58.97
2016-04-12 12:36:55.983819,59.13,58.98,58.97
2016-04-12 12:36:56.138436,59.14,58.98,58.97
2016-04-12 12:36:56.295628,59.14,58.98,58.97
2016-04-12 12:36:56.437844,59.14,58.98,58.97
2016-04-12 12:36:56.598738,59.14,58.98,58.97
2016-04-12 12:36:56.748834,59.14,58.98,58.97
2016-04-12 12:36:56.901235,59.14,58.98,58.97
2016-04-12 12:36:57.057029,59.14,58.98,58.97
2016-04-12 12:36:57.214491,59.14,58.98,58.97
2016-04-12 12:36:57.364534,59.14,58.98,58.97
2016-04-12 12:36:57.884903,59.14,58.98,58.97
2016-04-12 12:36:58.038219,59.14,58.98,58.97
2016-04-12 12:36:58.197337,59.14,58.98,58.97
2016-04-12 12:36:58.379653,59.14,58.98,58.97
2016-04-12 12:36:58.530911,59.14,58.98,58.97
2016-04-12 12:36:58.702281,59.14,58.98,58.97
2016-04-12 12:36:58.866100,59.14,58.98,58.97
2016-04-12 12:36:59.338204,59.14,58.98,58.97
2016-04-12 12:36:59.482863,59.14,58.98,58.97
2016-04-12 12:36:59.640314,59.14,58.98,58.97
2016-04-12 12:36:59.798911,59.14,58.98,58.97
2016-04-12 12:36:59.961145,59.14,58.98,58.97
2016-04-12 12:37:00.447693,59.14,58.98,58.97
2016-04-12 12:37:00.607087,59.14,58.98,58.97
2016-04-12 12:37:00.777563,59.14,58.98,58.97
2016-04-12 12:37:00.929854,59.14,58.98,58.97
2016-04-12 12:37:01.084571,59.14,58.98,58.97
2016-04-12 12:37:01.244555,59.14,58.98,58.97
2016-04-12 12:37:01.792468,59.14,58.98,58.97
2016-04-12 12:37:01.950842,59.14,58.98,58.97
2016-04-12 12:37:02.116520,59.14,58.98,58.97
2016-04-12 12:37:02.281124,59.14,58.98,58.97
2016-04-12 12:37:02.439444,59.14,58.98,58.97
2016-04-12 12:37:02.906917,59.14,58.98,58.97
2016-04-12 12:37:03.063268,59.14,58.98,58.97
2016-04-12 12:37:03.221476,59.14,58.98,58.97
2016-04-12 12:37:03.382969,59.14,58.98,58.97
2016-04-12 12:37:03.536483,59.14,58.98,58.97
2016-04-12 12:37:03.701259,59.14,58.98,58.97
2016-04-12 12:37:04.446979,59.1301,58.98,58.97
2016-04-12 12:37:04.614514,59.1301,58.98,58.97
2016-04-12 12:37:04.769855,59.1301,58.98,58.97
2016-04-12 12:37:04.924848,59.1301,58.98,58.97
2016-04-12 12:37:05.076363,59.1301,58.98,58.97
2016-04-12 12:37:05.226039,59.1301,58.98,58.97
2016-04-12 12:37:05.376874,59.1301,58.98,58.97
2016-04-12 12:37:05.527180,59.1301,58.98,58.97
2016-04-12 12:37:05.685445,59.1301,58.98,58.97
2016-04-12 12:37:05.842581,59.1301,58.98,58.97
2016-04-12 12:37:06.006397,59.1301,58.98,58.97
2016-04-12 12:37:06.170258,59.1301,58.98,58.97
2016-04-12 12:37:06.324292,59.1301,58.98,58.97
2016-04-12 12:37:06.488773,59.1301,58.98,58.97
2016-04-12 12:37:06.634616,59.1301,58.98,58.97
2016-04-12 12:37:07.117175,59.1301,58.98,58.97
2016-04-12 12:37:07.268399,59.1365,58.98,58.97
2016-04-12 12:37:07.423007,59.1365,58.98,58.97
2016-04-12 12:37:07.573234,59.1365,58.98,58.97
2016-04-12 12:37:07.728562,59.1308,58.98,58.97
2016-04-12 12:37:08.601847,59.1308,58.98,58.97
2016-04-12 12:37:08.817378,59.1308,58.98,58.97
2016-04-12 12:37:08.972709,59.1308,58.98,58.97
2016-04-12 12:37:09.125210,59.1308,58.98,58.97
2016-04-12 12:37:09.281859,59.1308,58.98,58.97
2016-04-12 12:37:09.780817,59.1308,58.98,58.97
2016-04-12 12:37:10.061812,59.1308,58.98,58.97
2016-04-12 12:37:10.301586,59.1308,58.98,58.97
2016-04-12 12:37:10.466851,59.1308,58.98,58.97
2016-04-12 12:37:10.623998,59.1308,58.98,58.97
2016-04-12 12:37:10.842015,59.1308,58.98,58.97
2016-04-12 12:37:11.029978,59.1308,58.98,58.97
2016-04-12 12:37:11.183624,59.1308,58.98,58.97
2016-04-12 12:37:11.366448,59.1308,58.98,58.97
2016-04-12 12:37:11.534935,59.1308,58.98,58.97
2016-04-12 12:37:11.763498,59.1308,58.98,58.97
2016-04-12 12:37:12.343731,59.1308,58.98,58.97
2016-04-12 12:37:12.853063,59.1308,58.98,58.97
2016-04-12 12:37:13.362292,59.1308,58.98,58.97
2016-04-12 12:37:13.977202,59.1308,58.98,58.97
2016-04-12 12:37:14.133839,59.1308,58.98,58.97
2016-04-12 12:37:14.285403,59.1308,58.98,58.97
2016-04-12 12:37:14.436475,59.1308,58.98,58.97
2016-04-12 12:37:14.596298,59.1308,58.98,58.97
2016-04-12 12:37:14.743401,59.1308,58.98,58.97
2016-04-12 12:37:14.892551,59.1308,58.98,58.97
2016-04-12 12:37:16.051643,59.1308,58.98,58.97
2016-04-12 12:37:16.320292,59.1308,58.98,58.97
2016-04-12 12:37:16.476744,59.1308,58.98,58.97
2016-04-12 12:37:16.637978,59.14,58.98,58.97
2016-04-12 12:37:16.793364,59.14,58.98,58.97
2016-04-12 12:37:16.948672,59.14,58.98,58.97
2016-04-12 12:37:17.106230,59.14,58.98,58.97
2016-04-12 12:37:17.278786,59.14,58.98,58.97
2016-04-12 12:37:17.439605,59.14,58.98,58.97
2016-04-12 12:37:17.602130,59.14,58.98,58.97
2016-04-12 12:37:17.757579,59.14,58.98,58.97
2016-04-12 12:37:17.918126,59.14,58.98,58.97
2016-04-12 12:37:18.067352,59.14,58.98,58.97
2016-04-12 12:37:18.222953,59.14,58.98,58.97
2016-04-12 12:37:18.382201,59.14,58.98,58.97
2016-04-12 12:37:18.544590,59.14,58.98,58.97
2016-04-12 12:37:18.710454,59.14,58.98,58.97
2016-04-12 12:37:18.871923,59.14,58.98,58.97
2016-04-12 12:37:19.029490,59.14,58.98,58.97
2016-04-12 12:37:19.190592,59.14,58.98,58.97
2016-04-12 12:37:19.343132,59.14,58.98,58.97
2016-04-12 12:37:19.554461,59.14,58.98,58.97
2016-04-12 12:37:19.703711,59.14,58.98,58.97
2016-04-12 12:37:19.859233,59.14,58.98,58.97
2016-04-12 12:37:20.017519,59.13,58.98,58.97
2016-04-12 12:37:20.168383,59.14,58.98,58.97
2016-04-12 12:37:20.333986,59.14,58.98,58.97
2016-04-12 12:37:20.482656,59.14,58.98,58.97
2016-04-12 12:37:20.635581,59.14,58.98,58.97
2016-04-12 12:37:20.783793,59.14,58.98,58.97
2016-04-12 12:37:20.946155,59.14,58.98,58.97
2016-04-12 12:37:21.145672,59.14,58.98,58.97
2016-04-12 12:37:21.429500,59.146,58.98,58.97
2016-04-12 12:37:21.575674,59.146,58.98,58.97
2016-04-12 12:37:21.735551,59.146,58.98,58.97
2016-04-12 12:37:21.891761,59.146,58.98,58.97
2016-04-12 12:37:22.091517,59.146,58.98,58.97
2016-04-12 12:37:22.267403,59.145,58.98,58.97
2016-04-12 12:37:22.411432,59.145,58.98,58.97
2016-04-12 12:37:22.686673,59.145,58.98,58.97
2016-04-12 12:37:22.831795,59.145,58.98,58.97
2016-04-12 12:37:22.981582,59.145,58.98,58.97
2016-04-12 12:37:23.145150,59.145,58.98,58.97
2016-04-12 12:37:23.321133,59.145,58.98,58.97
2016-04-12 12:37:23.473064,59.145,58.98,58.97
2016-04-12 12:37:23.671651,59.145,58.98,58.97
2016-04-12 12:37:23.821478,59.145,58.98,58.97
2016-04-12 12:37:23.968077,59.145,58.98,58.97
2016-04-12 12:37:24.127094,59.145,58.98,58.97
2016-04-12 12:37:24.284106,59.145,58.98,58.97
2016-04-12 12:37:24.440569,59.145,58.98,58.97
2016-04-12 12:37:24.589853,59.145,58.98,58.97
2016-04-12 12:37:24.739883,59.145,58.98,58.97
2016-04-12 12:37:24.891165,59.145,58.98,58.97
2016-04-12 12:37:25.041300,59.145,58.98,58.97
2016-04-12 12:37:25.191607,59.145,58.98,58.97
2016-04-12 12:37:25.881104,59.145,58.98,58.97
2016-04-12 12:37:26.030744,59.1499,58.98,58.97
2016-04-12 12:37:26.187861,59.1499,58.98,58.97
2016-04-12 12:37:26.338436,59.1499,58.98,58.97
2016-04-12 12:37:26.497597,59.144,58.97,58.96
2016-04-12 12:37:26.651928,59.144,58.97,58.96
2016-04-12 12:37:26.801976,59.144,58.97,58.96
2016-04-12 12:37:26.958661,59.1499,58.97,58.96
2016-04-12 12:37:27.121066,59.1499,58.97,58.96
2016-04-12 12:37:27.289515,59.1499,58.97,58.96
2016-04-12 12:37:27.449517,59.1499,58.97,58.96
2016-04-12 12:37:27.607998,59.1499,58.97,58.96
2016-04-12 12:37:27.762702,59.1499,58.97,58.96
2016-04-12 12:37:27.922368,59.1499,58.97,58.96
2016-04-12 12:37:28.071352,59.1499,58.97,58.96
2016-04-12 12:37:28.228736,59.1499,58.97,58.96
2016-04-12 12:37:28.380164,59.1499,58.97,58.96
2016-04-12 12:37:28.534513,59.1499,58.97,58.96
2016-04-12 12:37:28.684718,59.1499,58.97,58.96
2016-04-12 12:37:28.838589,59.1499,58.97,58.96
2016-04-12 12:37:28.995541,59.1499,58.97,58.96
2016-04-12 12:37:29.146380,59.1499,58.97,58.96
2016-04-12 12:37:29.368405,59.1499,58.97,58.96
2016-04-12 12:37:29.520234,59.1499,58.97,58.96
2016-04-12 12:37:29.671806,59.1499,58.97,58.96
2016-04-12 12:37:29.834025,59.1499,58.97,58.96
2016-04-12 12:37:29.988149,59.1499,58.97,58.96
2016-04-12 12:37:30.160425,59.1499,58.97,58.96
2016-04-12 12:37:30.310972,59.1499,58.97,58.96
2016-04-12 12:37:30.472826,59.1499,58.97,58.96
2016-04-12 12:37:30.623059,59.1499,58.97,58.96
2016-04-12 12:37:30.797743,59.1499,58.97,58.96
2016-04-12 12:37:30.951646,59.1499,58.97,58.96
2016-04-12 12:37:31.103089,59.1499,58.97,58.96
2016-04-12 12:37:31.255030,59.1499,58.97,58.96
2016-04-12 12:37:31.417066,59.1499,58.97,58.96
2016-04-12 12:37:31.570458,59.1499,58.97,58.96
2016-04-12 12:37:31.729455,59.1499,58.97,58.96
2016-04-12 12:37:31.893362,59.1499,58.97,58.96
2016-04-12 12:37:32.207721,59.1499,58.97,58.96
2016-04-12 12:37:32.357261,59.1499,58.97,58.96
2016-04-12 12:37:32.517308,59.1499,58.97,58.96
2016-04-12 12:37:32.685375,59.1499,58.97,58.96
2016-04-12 12:37:32.863786,59.1499,58.97,58.96
2016-04-12 12:37:33.027235,59.1499,58.97,58.96
2016-04-12 12:37:33.189270,59.1499,58.97,58.96
2016-04-12 12:37:33.345016,59.1499,58.97,58.96
2016-04-12 12:37:33.491061,59.1499,58.97,58.96
2016-04-12 12:37:33.661004,59.1499,58.97,58.96
2016-04-12 12:37:33.826877,59.1499,58.97,58.96
2016-04-12 12:37:33.982988,59.1499,58.97,58.96
2016-04-12 12:37:34.170636,59.1499,58.97,58.96
2016-04-12 12:37:34.505727,59.1499,58.97,58.96
2016-04-12 12:37:34.667804,59.1499,58.97,58.96
2016-04-12 12:37:35.266528,59.1499,58.97,58.96
2016-04-12 12:37:36.183758,59.1499,58.97,58.96
2016-04-12 12:37:36.832754,59.1499,58.97,58.96
2016-04-12 12:37:37.484901,59.145,58.97,58.96
2016-04-12 12:37:37.997300,59.145,58.97,58.96
2016-04-12 12:37:38.528471,59.145,58.97,58.96
2016-04-12 12:37:39.408449,59.145,58.97,58.96
2016-04-12 12:37:39.910034,59.145,58.97,58.96
2016-04-12 12:37:40.560377,59.145,58.97,58.96
2016-04-12 12:37:41.069828,59.145,58.97,58.96
2016-04-12 12:37:41.590072,59.145,58.97,58.96
2016-04-12 12:37:42.121625,59.1401,58.99,58.98
2016-04-12 12:37:43.276068,59.1401,58.99,58.98
2016-04-12 12:37:43.418971,59.1401,58.99,58.98
2016-04-12 12:37:43.567850,59.1401,58.99,58.98
2016-04-12 12:37:43.713132,59.1401,58.99,58.98
2016-04-12 12:37:43.858531,59.1401,58.99,58.98
2016-04-12 12:37:44.006480,59.1401,58.99,58.98
2016-04-12 12:37:44.189349,59.1401,58.99,58.98
2016-04-12 12:37:44.335907,59.1401,58.99,58.98
2016-04-12 12:37:44.485301,59.1401,58.99,58.98
2016-04-12 12:37:44.719013,59.1401,58.99,58.98
2016-04-12 12:37:44.870477,59.1401,58.99,58.98
2016-04-12 12:37:45.065677,59.1401,58.99,58.98
2016-04-12 12:37:45.215353,59.1401,58.99,58.98
2016-04-12 12:37:45.362040,59.1401,58.99,58.98
2016-04-12 12:37:45.512700,59.1401,58.99,58.98
2016-04-12 12:37:45.667716,59.1401,58.99,58.98
2016-04-12 12:37:45.814660,59.1401,58.99,58.98
2016-04-12 12:37:45.966450,59.1401,58.99,58.98
2016-04-12 12:37:46.126558,59.1401,58.99,58.98
2016-04-12 12:37:46.273940,59.1401,58.99,58.98
2016-04-12 12:37:46.425940,59.1401,58.99,58.98
2016-04-12 12:37:46.575127,59.1401,58.99,58.98
2016-04-12 12:37:46.728145,59.1401,58.99,58.98
2016-04-12 12:37:46.875701,59.1401,58.99,58.98
2016-04-12 12:37:47.024303,59.1401,58.99,58.98
2016-04-12 12:37:47.172267,59.1401,58.99,58.98
2016-04-12 12:37:47.341096,59.1401,58.99,58.98
2016-04-12 12:37:47.507670,59.1401,58.99,58.98
2016-04-12 12:37:47.660971,59.1401,58.99,58.98
2016-04-12 12:37:47.811412,59.1401,58.99,58.98
2016-04-12 12:37:47.960777,59.1401,58.99,58.98
2016-04-12 12:37:48.120637,59.1401,58.99,58.98
2016-04-12 12:37:48.269927,59.1401,58.99,58.98
2016-04-12 12:37:48.431328,59.1401,58.99,58.98
2016-04-12 12:37:48.579957,59.145,58.99,58.98
2016-04-12 12:37:48.739076,59.145,58.99,58.98
2016-04-12 12:37:48.884424,59.145,58.99,58.98
2016-04-12 12:37:49.035521,59.145,58.99,58.98
2016-04-12 12:37:49.186825,59.15,58.99,58.98
2016-04-12 12:37:49.403749,59.15,58.99,58.98
2016-04-12 12:37:49.551905,59.15,58.99,58.98
2016-04-12 12:37:49.703431,59.15,58.99,58.98
2016-04-12 12:37:49.851928,59.15,58.99,58.98
2016-04-12 12:37:50.008565,59.15,58.99,58.98
2016-04-12 12:37:50.159556,59.15,58.99,58.98
2016-04-12 12:37:50.309905,59.15,58.99,58.98
2016-04-12 12:37:50.571367,59.15,58.99,58.98
2016-04-12 12:37:50.719596,59.15,58.99,58.98
2016-04-12 12:37:50.872267,59.15,58.99,58.98
2016-04-12 12:37:51.017182,59.15,58.99,58.98
2016-04-12 12:37:51.242292,59.15,58.99,58.98
2016-04-12 12:37:51.395664,59.155,58.99,58.98
2016-04-12 12:37:51.544746,59.155,58.99,58.98
2016-04-12 12:37:51.706794,59.155,58.99,58.98
2016-04-12 12:37:52.024930,59.155,58.99,58.98
2016-04-12 12:37:52.170094,59.155,58.99,58.98
2016-04-12 12:37:52.328497,59.155,58.99,58.98
2016-04-12 12:37:52.514315,59.155,58.99,58.98
2016-04-12 12:37:52.664322,59.155,58.99,58.98
2016-04-12 12:37:52.817716,59.155,58.99,58.98
2016-04-12 12:37:52.972697,59.155,58.99,58.98
2016-04-12 12:37:53.131416,59.155,58.99,58.98
2016-04-12 12:37:53.279681,59.159,58.99,58.98
2016-04-12 12:37:53.440142,59.159,58.99,58.98
2016-04-12 12:37:53.594165,59.159,58.99,58.98
2016-04-12 12:37:53.764477,59.159,58.99,58.98
2016-04-12 12:37:53.938254,59.159,58.99,58.98
2016-04-12 12:37:54.135926,59.159,58.99,58.98
2016-04-12 12:37:54.284817,59.159,58.99,58.98
2016-04-12 12:37:54.437141,59.159,58.99,58.98
2016-04-12 12:37:54.593928,59.159,58.99,58.98
2016-04-12 12:37:54.757198,59.159,58.99,58.98
2016-04-12 12:37:54.906061,59.159,58.99,58.98
2016-04-12 12:37:55.060621,59.159,58.99,58.98
2016-04-12 12:37:55.240828,59.159,58.99,58.98
2016-04-12 12:37:55.406542,59.159,58.99,58.98
2016-04-12 12:37:55.598337,59.159,58.99,58.98
2016-04-12 12:37:55.765332,59.159,58.99,58.98
2016-04-12 12:37:55.939362,59.159,58.99,58.98
2016-04-12 12:37:56.097164,59.159,58.99,58.98
2016-04-12 12:37:56.259281,59.159,58.99,58.98
2016-04-12 12:37:56.413088,59.159,58.99,58.98
2016-04-12 12:37:56.589424,59.159,58.99,58.98
2016-04-12 12:37:56.754962,59.159,58.99,58.98
2016-04-12 12:37:56.915691,59.159,58.99,58.98
2016-04-12 12:37:57.079050,59.159,58.99,58.98
2016-04-12 12:37:57.231980,59.159,58.99,58.98
2016-04-12 12:37:57.384546,59.159,58.99,58.98
2016-04-12 12:37:57.538429,59.159,58.99,58.98
2016-04-12 12:37:57.697310,59.159,58.99,58.98
2016-04-12 12:37:57.848275,59.159,58.99,58.98
2016-04-12 12:37:58.004615,59.159,58.99,58.98
2016-04-12 12:37:58.163152,59.159,58.99,58.98
2016-04-12 12:37:58.318786,59.159,58.99,58.98
2016-04-12 12:37:58.470195,59.159,58.99,58.98
2016-04-12 12:37:58.621980,59.159,58.99,58.98
2016-04-12 12:37:58.774163,59.159,58.99,58.98
2016-04-12 12:37:58.925043,59.159,58.99,58.98
2016-04-12 12:37:59.443401,59.159,58.99,58.98
2016-04-12 12:37:59.634855,59.159,58.99,58.98
2016-04-12 12:37:59.791798,59.16,58.99,58.98
2016-04-12 12:37:59.936405,59.16,58.99,58.98
2016-04-12 12:38:00.097243,59.16,58.99,58.98
2016-04-12 12:38:00.571880,59.16,58.99,58.98
2016-04-12 12:38:00.725545,59.16,58.99,58.98
2016-04-12 12:38:00.875069,59.16,58.99,58.98
2016-04-12 12:38:01.021916,59.16,58.99,58.98
2016-04-12 12:38:01.178946,59.16,58.99,58.98
2016-04-12 12:38:01.364503,59.16,58.99,58.98
2016-04-12 12:38:01.900821,59.151,58.99,58.98
2016-04-12 12:38:02.057177,59.151,58.99,58.98
2016-04-12 12:38:02.209885,59.151,58.99,58.98
2016-04-12 12:38:02.366668,59.151,58.99,58.98
2016-04-12 12:38:02.534709,59.151,58.99,58.98
2016-04-12 12:38:03.035821,59.151,58.99,58.98
2016-04-12 12:38:03.193547,59.151,58.99,58.98
2016-04-12 12:38:03.746580,59.151,58.99,58.98
2016-04-12 12:38:04.258787,59.151,58.99,58.98
2016-04-12 12:38:04.453707,59.151,58.99,58.98
2016-04-12 12:38:04.901214,59.151,58.99,58.98
2016-04-12 12:38:05.056459,59.151,58.99,58.98
2016-04-12 12:38:05.207621,59.151,58.99,58.98
2016-04-12 12:38:05.363878,59.151,58.99,58.98
2016-04-12 12:38:05.516819,59.151,58.99,58.98
2016-04-12 12:38:05.665006,59.151,58.99,58.98
2016-04-12 12:38:06.099078,59.151,58.99,58.98
2016-04-12 12:38:06.250880,59.151,58.99,58.98
2016-04-12 12:38:06.712686,59.151,58.99,58.98
2016-04-12 12:38:07.221543,59.155,58.99,58.98
2016-04-12 12:38:07.368460,59.155,58.99,58.98
2016-04-12 12:38:07.519034,59.155,58.99,58.98
2016-04-12 12:38:07.971319,59.155,58.99,58.98
2016-04-12 12:38:08.122863,59.155,58.99,58.98
2016-04-12 12:38:08.762222,59.155,58.99,58.98
2016-04-12 12:38:09.275675,59.155,58.99,58.98
2016-04-12 12:38:09.447613,59.155,58.99,58.98
2016-04-12 12:38:09.998251,59.155,58.99,58.98
2016-04-12 12:38:10.347341,59.155,58.99,58.98
2016-04-12 12:38:10.500400,59.155,58.99,58.98
2016-04-12 12:38:11.018352,59.155,58.99,58.98
2016-04-12 12:38:11.526913,59.155,58.99,58.98
2016-04-12 12:38:11.683228,59.155,58.99,58.98
2016-04-12 12:38:11.835696,59.155,58.99,58.98
2016-04-12 12:38:12.347879,59.155,58.99,58.98
2016-04-12 12:38:12.506764,59.155,58.99,58.98
2016-04-12 12:38:12.941307,59.155,58.99,58.98
2016-04-12 12:38:13.470224,59.155,58.99,58.98
2016-04-12 12:38:13.626013,59.155,58.99,58.98
2016-04-12 12:38:14.068566,59.155,58.99,58.98
2016-04-12 12:38:14.248158,59.155,58.99,58.98
2016-04-12 12:38:14.397948,59.155,58.99,58.98
2016-04-12 12:38:14.550686,59.155,58.99,58.98
2016-04-12 12:38:14.705697,59.155,58.99,58.98
2016-04-12 12:38:14.882194,59.155,58.99,58.98
2016-04-12 12:38:15.047412,59.155,58.99,58.98
2016-04-12 12:38:15.208388,59.155,58.99,58.98
2016-04-12 12:38:15.357669,59.155,58.99,58.98
2016-04-12 12:38:15.509097,59.155,58.99,58.98
2016-04-12 12:38:15.709153,59.16,58.99,58.98
2016-04-12 12:38:15.870659,59.16,58.99,58.98
2016-04-12 12:38:16.016684,59.16,58.99,58.98
2016-04-12 12:38:16.169507,59.16,58.99,58.98
2016-04-12 12:38:16.320417,59.16,58.99,58.98
2016-04-12 12:38:16.477056,59.16,58.99,58.98
2016-04-12 12:38:16.622860,59.16,58.99,58.98
2016-04-12 12:38:16.784264,59.16,58.99,58.98
2016-04-12 12:38:16.940004,59.16,58.99,58.98
2016-04-12 12:38:17.091607,59.16,58.99,58.98
2016-04-12 12:38:17.251958,59.16,58.99,58.98
2016-04-12 12:38:17.490759,59.16,58.99,58.98
2016-04-12 12:38:17.642873,59.16,58.99,58.98
2016-04-12 12:38:17.795255,59.16,58.99,58.98
2016-04-12 12:38:17.969023,59.16,58.99,58.98
2016-04-12 12:38:18.154708,59.16,58.99,58.98
2016-04-12 12:38:18.318395,59.16,58.99,58.98
2016-04-12 12:38:18.465870,59.16,58.99,58.98
2016-04-12 12:38:18.625104,59.16,58.99,58.98
2016-04-12 12:38:18.786245,59.16,58.99,58.98
2016-04-12 12:38:18.952567,59.16,58.99,58.98
2016-04-12 12:38:19.144470,59.1699,58.99,58.98
2016-04-12 12:38:19.295488,59.1699,58.99,58.98
2016-04-12 12:38:19.456408,59.1699,58.99,58.98
2016-04-12 12:38:19.607646,59.1699,58.99,58.98
2016-04-12 12:38:19.763703,59.1699,58.99,58.98
2016-04-12 12:38:19.911043,59.1699,58.99,58.98
2016-04-12 12:38:20.069080,59.1699,58.99,58.98
2016-04-12 12:38:20.560059,59.1699,58.99,58.98
2016-04-12 12:38:20.713007,59.1699,58.99,58.98
2016-04-12 12:38:20.867070,59.169,58.99,58.98
2016-04-12 12:38:21.047245,59.19,58.99,58.98
2016-04-12 12:38:21.199363,59.19,58.99,58.98
2016-04-12 12:38:21.354410,59.19,58.99,58.98
2016-04-12 12:38:21.517495,59.19,58.99,58.98
2016-04-12 12:38:21.675957,59.19,58.99,58.98
2016-04-12 12:38:21.844541,59.19,58.99,58.98
2016-04-12 12:38:21.995105,59.19,58.99,58.98
2016-04-12 12:38:22.144602,59.2,58.99,58.98
2016-04-12 12:38:22.295409,59.2,58.99,58.98
2016-04-12 12:38:22.453790,59.2,58.99,58.98
2016-04-12 12:38:22.606127,59.2,58.99,58.98
2016-04-12 12:38:22.776776,59.19,58.99,58.98
2016-04-12 12:38:22.953414,59.19,58.99,58.98
2016-04-12 12:38:23.109457,59.19,58.99,58.98
2016-04-12 12:38:23.258945,59.19,58.99,58.98
2016-04-12 12:38:23.409267,59.19,58.99,58.98
2016-04-12 12:38:23.556338,59.19,58.99,58.98
2016-04-12 12:38:23.819492,59.19,58.99,58.98
2016-04-12 12:38:23.970376,59.19,58.99,58.98
2016-04-12 12:38:24.122884,59.19,58.99,58.98
2016-04-12 12:38:24.272962,59.19,58.99,58.98
2016-04-12 12:38:24.428431,59.2,58.99,58.98
2016-04-12 12:38:24.575598,59.2,58.99,58.98
2016-04-12 12:38:24.736607,59.2,58.99,58.98
2016-04-12 12:38:24.886870,59.2,58.99,58.98
2016-04-12 12:38:25.040961,59.2,58.99,58.98
2016-04-12 12:38:25.205733,59.2,58.99,58.98
2016-04-12 12:38:25.354141,59.2,58.99,58.98
2016-04-12 12:38:25.506847,59.2,58.99,58.98
2016-04-12 12:38:25.657512,59.2,58.99,58.98
2016-04-12 12:38:25.901532,59.2,58.99,58.98
2016-04-12 12:38:26.054841,59.2,58.99,58.98
2016-04-12 12:38:26.205542,59.2,58.99,58.98
2016-04-12 12:38:26.363160,59.2,58.99,58.98
2016-04-12 12:38:26.519590,59.2,58.99,58.98
2016-04-12 12:38:26.681303,59.2,58.99,58.98
2016-04-12 12:38:26.830880,59.2,58.99,58.98
2016-04-12 12:38:27.098020,59.2,58.99,58.98
2016-04-12 12:38:27.247713,59.2,58.99,58.98
2016-04-12 12:38:27.398285,59.2,58.99,58.98
2016-04-12 12:38:27.552516,59.2,58.99,58.98
2016-04-12 12:38:27.699985,59.2,58.99,58.98
2016-04-12 12:38:27.848716,59.2,58.99,58.98
2016-04-12 12:38:27.994677,59.2,58.99,58.98
2016-04-12 12:38:28.266729,59.2,58.99,58.98
2016-04-12 12:38:28.501256,59.22,58.99,58.98
2016-04-12 12:38:28.652441,59.23,58.99,58.98
2016-04-12 12:38:28.801018,59.23,58.99,58.98
2016-04-12 12:38:29.008360,59.22,58.99,58.98
2016-04-12 12:38:29.159297,59.22,58.99,58.98
2016-04-12 12:38:29.308746,59.23,58.99,58.98
2016-04-12 12:38:29.456192,59.23,58.99,58.98
2016-04-12 12:38:29.614603,59.24,58.99,58.98
2016-04-12 12:38:29.865753,59.24,58.99,58.98
2016-04-12 12:38:30.022649,59.24,58.99,58.98
2016-04-12 12:38:30.187110,59.24,58.99,58.98
2016-04-12 12:38:30.338748,59.24,58.99,58.98
2016-04-12 12:38:30.495875,59.24,58.99,58.98
2016-04-12 12:38:35.099437,59.235,58.99,58.98
2016-04-12 12:38:35.474187,59.235,58.99,58.98
2016-04-12 12:38:35.636094,59.235,58.99,58.98
2016-04-12 12:38:35.797624,59.235,58.99,58.98
2016-04-12 12:38:35.952561,59.23,58.99,58.98
2016-04-12 12:38:36.122395,59.2201,58.99,58.98
2016-04-12 12:38:36.272329,59.22,58.99,58.98
