time,price,bid,ask
2016-04-07 11:49:57.151742,17.369,17.32,17.31
2016-04-07 11:49:57.661753,17.369,17.32,17.31
2016-04-07 11:49:58.174953,17.369,17.32,17.31
2016-04-07 11:49:58.637905,17.369,17.32,17.31
2016-04-07 11:49:59.110531,17.369,17.32,17.31
2016-04-07 11:49:59.606651,17.369,17.32,17.31
2016-04-07 11:50:00.069291,17.369,17.32,17.31
2016-04-07 11:50:00.553701,17.369,17.32,17.31
2016-04-07 11:50:01.147132,17.369,17.32,17.31
2016-04-07 11:50:01.767164,17.369,17.32,17.31
2016-04-07 11:50:02.276408,17.369,17.32,17.31
2016-04-07 11:50:02.785312,17.369,17.32,17.31
2016-04-07 11:50:03.245943,17.369,17.32,17.31
2016-04-07 11:50:03.918524,17.369,17.32,17.31
2016-04-07 11:50:04.418106,17.369,17.32,17.31
2016-04-07 11:50:04.932239,17.369,17.32,17.31
2016-04-07 11:50:05.548500,17.369,17.32,17.31
2016-04-07 11:50:06.057376,17.369,17.32,17.31
2016-04-07 11:50:06.940817,17.369,17.32,17.31
2016-04-07 11:50:07.494624,17.369,17.32,17.31
2016-04-07 11:50:07.660561,17.369,17.32,17.31
2016-04-07 11:50:07.842123,17.369,17.32,17.31
2016-04-07 11:50:08.021519,17.369,17.32,17.31
2016-04-07 11:50:08.187903,17.369,17.32,17.31
2016-04-07 11:50:08.359960,17.369,17.32,17.31
2016-04-07 11:50:08.525312,17.369,17.32,17.31
2016-04-07 11:50:08.709777,17.369,17.32,17.31
2016-04-07 11:50:08.889848,17.369,17.32,17.31
2016-04-07 11:50:09.051358,17.369,17.32,17.31
2016-04-07 11:50:09.224054,17.365,17.32,17.31
2016-04-07 11:50:09.395279,17.365,17.32,17.31
2016-04-07 11:50:09.674004,17.365,17.32,17.31
2016-04-07 11:50:09.840584,17.365,17.32,17.31
2016-04-07 11:50:10.013028,17.365,17.32,17.31
2016-04-07 11:50:10.185345,17.365,17.32,17.31
2016-04-07 11:50:10.357649,17.365,17.32,17.31
2016-04-07 11:50:10.525055,17.365,17.32,17.31
2016-04-07 11:50:10.716903,17.365,17.32,17.31
2016-04-07 11:50:10.886148,17.365,17.32,17.31
2016-04-07 11:50:11.052724,17.365,17.32,17.31
2016-04-07 11:50:11.259314,17.365,17.32,17.31
2016-04-07 11:50:11.435327,17.365,17.32,17.31
2016-04-07 11:50:11.599939,17.365,17.32,17.31
2016-04-07 11:50:11.772343,17.365,17.32,17.31
2016-04-07 11:50:11.947834,17.365,17.32,17.31
2016-04-07 11:50:12.115417,17.365,17.32,17.31
2016-04-07 11:50:12.287054,17.365,17.32,17.31
2016-04-07 11:50:12.455553,17.365,17.32,17.31
2016-04-07 11:50:12.631588,17.365,17.32,17.31
2016-04-07 11:50:12.795500,17.365,17.32,17.31
2016-04-07 11:50:12.967878,17.369,17.32,17.31
2016-04-07 11:50:13.435780,17.369,17.32,17.31
2016-04-07 11:50:13.618542,17.369,17.32,17.31
2016-04-07 11:50:13.802522,17.369,17.32,17.31
2016-04-07 11:50:14.025136,17.369,17.32,17.31
2016-04-07 11:50:14.269229,17.369,17.32,17.31
2016-04-07 11:50:14.470572,17.369,17.32,17.31
2016-04-07 11:50:14.648615,17.369,17.32,17.31
2016-04-07 11:50:14.812299,17.369,17.32,17.31
2016-04-07 11:50:14.973699,17.369,17.32,17.31
2016-04-07 11:50:15.176906,17.369,17.32,17.31
2016-04-07 11:50:15.347014,17.369,17.32,17.31
2016-04-07 11:50:15.528196,17.369,17.32,17.31
2016-04-07 11:50:15.692302,17.369,17.32,17.31
2016-04-07 11:50:15.884448,17.369,17.32,17.31
2016-04-07 11:50:16.059091,17.369,17.32,17.31
2016-04-07 11:50:16.231247,17.369,17.32,17.31
2016-04-07 11:50:16.402479,17.369,17.32,17.31
2016-04-07 11:50:16.566584,17.369,17.32,17.31
2016-04-07 11:50:16.723972,17.369,17.32,17.31
2016-04-07 11:50:16.891350,17.369,17.32,17.31
2016-04-07 11:50:17.075675,17.369,17.32,17.31
2016-04-07 11:50:17.240264,17.369,17.32,17.31
2016-04-07 11:50:17.399601,17.369,17.32,17.31
2016-04-07 11:50:17.573081,17.369,17.32,17.31
2016-04-07 11:50:17.878833,17.369,17.32,17.31
2016-04-07 11:50:18.045770,17.369,17.32,17.31
2016-04-07 11:50:18.221064,17.369,17.32,17.31
2016-04-07 11:50:18.396729,17.369,17.32,17.31
2016-04-07 11:50:18.569296,17.369,17.32,17.31
2016-04-07 11:50:18.747850,17.369,17.32,17.31
2016-04-07 11:50:18.938993,17.369,17.32,17.31
2016-04-07 11:50:19.152760,17.369,17.32,17.31
2016-04-07 11:50:19.344354,17.369,17.32,17.31
2016-04-07 11:50:19.522837,17.369,17.32,17.31
2016-04-07 11:50:19.714677,17.369,17.32,17.31
2016-04-07 11:50:19.884309,17.369,17.32,17.31
2016-04-07 11:50:20.056911,17.369,17.32,17.31
2016-04-07 11:50:20.250170,17.369,17.32,17.31
2016-04-07 11:50:20.443896,17.369,17.32,17.31
2016-04-07 11:50:20.623492,17.369,17.32,17.31
2016-04-07 11:50:20.808963,17.369,17.32,17.31
2016-04-07 11:50:21.020203,17.369,17.32,17.31
2016-04-07 11:50:21.221640,17.369,17.32,17.31
2016-04-07 11:50:21.414506,17.369,17.32,17.31
2016-04-07 11:50:21.621879,17.369,17.32,17.31
2016-04-07 11:50:21.801814,17.369,17.32,17.31
2016-04-07 11:50:21.983603,17.369,17.32,17.31
2016-04-07 11:50:22.184216,17.369,17.32,17.31
2016-04-07 11:50:22.360714,17.369,17.32,17.31
2016-04-07 11:50:22.535560,17.36,17.32,17.31
2016-04-07 11:50:22.699319,17.36,17.32,17.31
2016-04-07 11:50:22.912843,17.36,17.32,17.31
2016-04-07 11:50:23.085850,17.36,17.32,17.31
2016-04-07 11:50:23.266111,17.36,17.32,17.31
2016-04-07 11:50:23.458221,17.36,17.32,17.31
2016-04-07 11:50:23.662563,17.36,17.32,17.31
2016-04-07 11:50:23.848755,17.36,17.32,17.31
2016-04-07 11:50:24.061348,17.36,17.32,17.31
2016-04-07 11:50:24.304167,17.352,17.32,17.31
2016-04-07 11:50:24.519172,17.352,17.32,17.31
2016-04-07 11:50:24.757609,17.352,17.32,17.31
2016-04-07 11:50:24.974532,17.352,17.32,17.31
2016-04-07 11:50:25.214037,17.352,17.32,17.31
2016-04-07 11:50:25.580077,17.352,17.32,17.31
2016-04-07 11:50:25.755938,17.352,17.32,17.31
2016-04-07 11:50:25.917263,17.352,17.32,17.31
2016-04-07 11:50:26.105786,17.352,17.32,17.31
2016-04-07 11:50:26.269273,17.352,17.32,17.31
2016-04-07 11:50:26.438988,17.352,17.32,17.31
2016-04-07 11:50:26.610761,17.352,17.32,17.31
2016-04-07 11:50:26.792408,17.352,17.32,17.31
2016-04-07 11:50:26.985456,17.352,17.32,17.31
2016-04-07 11:50:27.164054,17.352,17.32,17.31
2016-04-07 11:50:27.331919,17.352,17.32,17.31
2016-04-07 11:50:27.501595,17.345,17.32,17.31
2016-04-07 11:50:27.677343,17.345,17.32,17.31
2016-04-07 11:50:27.858549,17.345,17.32,17.31
2016-04-07 11:50:28.063329,17.345,17.32,17.31
2016-04-07 11:50:28.227546,17.345,17.32,17.31
2016-04-07 11:50:28.419097,17.345,17.32,17.31
2016-04-07 11:50:28.609992,17.345,17.32,17.31
2016-04-07 11:50:28.785529,17.345,17.32,17.31
2016-04-07 11:50:28.980851,17.345,17.32,17.31
2016-04-07 11:50:29.175346,17.3499,17.32,17.31
2016-04-07 11:50:29.340922,17.3499,17.32,17.31
2016-04-07 11:50:29.517848,17.3499,17.32,17.31
2016-04-07 11:50:29.701793,17.3499,17.32,17.31
2016-04-07 11:50:29.892022,17.3499,17.32,17.31
2016-04-07 11:50:30.061145,17.3499,17.32,17.31
2016-04-07 11:50:30.241582,17.3499,17.32,17.31
2016-04-07 11:50:30.444447,17.3499,17.32,17.31
2016-04-07 11:50:30.617853,17.3499,17.32,17.31
2016-04-07 11:50:30.780559,17.3499,17.32,17.31
2016-04-07 11:50:30.985526,17.3499,17.32,17.31
2016-04-07 11:50:31.163992,17.3499,17.32,17.31
2016-04-07 11:50:31.362150,17.3499,17.32,17.31
2016-04-07 11:50:31.558929,17.3499,17.32,17.31
2016-04-07 11:50:31.759786,17.3499,17.33,17.32
2016-04-07 11:50:31.942007,17.3499,17.33,17.32
2016-04-07 11:50:32.120356,17.3499,17.33,17.32
2016-04-07 11:50:32.368791,17.3499,17.33,17.32
2016-04-07 11:50:32.571486,17.3499,17.33,17.32
2016-04-07 11:50:32.763788,17.3499,17.33,17.32
2016-04-07 11:50:33.099399,17.3499,17.33,17.32
2016-04-07 11:50:33.319921,17.3421,17.33,17.32
2016-04-07 11:50:33.517694,17.3421,17.33,17.32
2016-04-07 11:50:33.683241,17.3421,17.33,17.32
2016-04-07 11:50:33.861826,17.3421,17.33,17.32
2016-04-07 11:50:34.037594,17.3421,17.33,17.32
2016-04-07 11:50:34.200458,17.3421,17.33,17.32
2016-04-07 11:50:34.555736,17.3421,17.33,17.32
2016-04-07 11:50:34.725528,17.3421,17.33,17.32
2016-04-07 11:50:34.950942,17.3421,17.33,17.32
2016-04-07 11:50:35.226282,17.3421,17.33,17.32
2016-04-07 11:50:35.394696,17.3421,17.33,17.32
2016-04-07 11:50:35.594483,17.3421,17.33,17.32
2016-04-07 11:50:35.784800,17.3421,17.33,17.32
2016-04-07 11:50:35.952361,17.3421,17.33,17.32
2016-04-07 11:50:36.117631,17.3421,17.33,17.32
2016-04-07 11:50:36.284122,17.3421,17.33,17.32
2016-04-07 11:50:36.483025,17.3421,17.33,17.32
2016-04-07 11:50:36.658481,17.3421,17.33,17.32
2016-04-07 11:50:36.879727,17.3421,17.33,17.32
2016-04-07 11:50:37.063149,17.3421,17.33,17.32
2016-04-07 11:50:37.233499,17.3421,17.33,17.32
2016-04-07 11:50:37.426207,17.3421,17.33,17.32
2016-04-07 11:50:37.605790,17.3421,17.33,17.32
2016-04-07 11:50:38.045020,17.3421,17.33,17.32
2016-04-07 11:50:38.228542,17.3421,17.33,17.32
2016-04-07 11:50:38.406994,17.3421,17.33,17.32
2016-04-07 11:50:38.595947,17.3421,17.33,17.32
2016-04-07 11:50:38.778228,17.3421,17.33,17.32
2016-04-07 11:50:38.953376,17.3421,17.33,17.32
2016-04-07 11:50:39.141032,17.3421,17.33,17.32
2016-04-07 11:50:39.330564,17.3421,17.33,17.32
2016-04-07 11:50:39.493500,17.3421,17.33,17.32
2016-04-07 11:50:39.687233,17.3421,17.33,17.32
2016-04-07 11:50:39.899098,17.3421,17.33,17.32
2016-04-07 11:50:40.083695,17.3421,17.33,17.32
2016-04-07 11:50:40.272371,17.3421,17.33,17.32
2016-04-07 11:50:40.437248,17.3421,17.33,17.32
2016-04-07 11:50:40.608236,17.3421,17.33,17.32
2016-04-07 11:50:40.809347,17.3421,17.33,17.32
2016-04-07 11:50:40.984455,17.3421,17.33,17.32
2016-04-07 11:50:41.196214,17.3421,17.33,17.32
2016-04-07 11:50:41.379186,17.3421,17.33,17.32
2016-04-07 11:50:41.557870,17.3421,17.33,17.32
2016-04-07 11:50:41.722841,17.3421,17.33,17.32
2016-04-07 11:50:41.893790,17.3421,17.33,17.32
2016-04-07 11:50:42.068432,17.3421,17.33,17.32
2016-04-07 11:50:42.229896,17.3421,17.33,17.32
2016-04-07 11:50:42.417582,17.3421,17.33,17.32
2016-04-07 11:50:42.621290,17.3421,17.33,17.32
2016-04-07 11:50:42.791567,17.3421,17.33,17.32
2016-04-07 11:50:43.090289,17.3421,17.33,17.32
2016-04-07 11:50:43.271968,17.3421,17.33,17.32
2016-04-07 11:50:43.549383,17.3421,17.33,17.32
2016-04-07 11:50:43.719790,17.3421,17.33,17.32
2016-04-07 11:50:43.918163,17.3421,17.33,17.32
2016-04-07 11:50:44.112535,17.3421,17.33,17.32
2016-04-07 11:50:44.345027,17.3421,17.33,17.32
2016-04-07 11:50:44.521913,17.3421,17.33,17.32
2016-04-07 11:50:44.695509,17.3421,17.33,17.32
2016-04-07 11:50:44.864716,17.3421,17.33,17.32
2016-04-07 11:50:45.084424,17.3421,17.33,17.32
2016-04-07 11:50:45.282788,17.3421,17.33,17.32
2016-04-07 11:50:45.472045,17.3421,17.33,17.32
2016-04-07 11:50:45.644188,17.3421,17.33,17.32
2016-04-07 11:50:45.873221,17.3421,17.34,17.33
2016-04-07 11:50:46.043705,17.3421,17.34,17.33
2016-04-07 11:50:46.207333,17.3421,17.34,17.33
2016-04-07 11:50:46.379022,17.3421,17.34,17.33
2016-04-07 11:50:46.566803,17.3421,17.34,17.33
2016-04-07 11:50:46.755112,17.3421,17.34,17.33
2016-04-07 11:50:46.928488,17.3421,17.34,17.33
2016-04-07 11:50:47.184652,17.3421,17.34,17.33
2016-04-07 11:50:47.365668,17.3421,17.34,17.33
2016-04-07 11:50:47.528767,17.3421,17.34,17.33
2016-04-07 11:50:47.748946,17.3421,17.34,17.33
2016-04-07 11:50:47.951759,17.35,17.34,17.33
2016-04-07 11:50:48.184320,17.35,17.34,17.33
2016-04-07 11:50:48.434771,17.35,17.34,17.33
2016-04-07 11:50:48.721788,17.35,17.34,17.33
2016-04-07 11:50:48.927240,17.35,17.34,17.33
2016-04-07 11:50:49.179489,17.35,17.34,17.33
2016-04-07 11:50:49.434171,17.341,17.34,17.33
2016-04-07 11:50:49.738162,17.341,17.34,17.33
2016-04-07 11:50:50.101798,17.341,17.34,17.33
2016-04-07 11:50:50.521841,17.341,17.34,17.33
2016-04-07 11:50:50.782591,17.341,17.34,17.33
2016-04-07 11:50:50.996157,17.341,17.34,17.33
2016-04-07 11:50:51.247609,17.341,17.34,17.33
2016-04-07 11:50:51.427591,17.341,17.34,17.33
2016-04-07 11:50:51.606842,17.341,17.34,17.33
2016-04-07 11:50:51.805113,17.341,17.34,17.33
2016-04-07 11:50:51.974036,17.341,17.34,17.33
2016-04-07 11:50:52.133093,17.3499,17.34,17.33
2016-04-07 11:50:52.408680,17.3499,17.34,17.33
2016-04-07 11:50:52.601601,17.345,17.34,17.33
2016-04-07 11:50:52.872964,17.345,17.34,17.33
2016-04-07 11:50:53.148855,17.345,17.34,17.33
2016-04-07 11:50:53.611203,17.345,17.34,17.33
2016-04-07 11:50:53.807333,17.345,17.34,17.33
2016-04-07 11:50:54.030958,17.345,17.34,17.33
2016-04-07 11:50:54.214600,17.345,17.34,17.33
2016-04-07 11:50:54.386033,17.345,17.34,17.33
2016-04-07 11:50:54.571697,17.345,17.34,17.33
2016-04-07 11:50:54.793608,17.345,17.34,17.33
2016-04-07 11:50:55.025283,17.345,17.34,17.33
2016-04-07 11:50:55.264179,17.345,17.34,17.33
2016-04-07 11:50:55.439908,17.345,17.34,17.33
2016-04-07 11:50:55.635718,17.345,17.34,17.33
2016-04-07 11:50:55.802283,17.345,17.34,17.33
2016-04-07 11:50:56.123814,17.345,17.34,17.33
2016-04-07 11:50:56.300808,17.345,17.34,17.33
2016-04-07 11:50:56.479055,17.345,17.34,17.33
2016-04-07 11:50:56.692629,17.345,17.34,17.33
2016-04-07 11:50:57.532673,17.345,17.34,17.33
2016-04-07 11:50:57.967047,17.345,17.34,17.33
2016-04-07 11:50:58.464962,17.345,17.34,17.33
2016-04-07 11:50:59.167155,17.345,17.34,17.33
2016-04-07 11:50:59.677127,17.345,17.34,17.33
2016-04-07 11:51:00.145112,17.345,17.34,17.33
2016-04-07 11:51:00.630784,17.345,17.34,17.33
2016-04-07 11:51:01.070911,17.345,17.34,17.33
2016-04-07 11:51:01.644427,17.345,17.34,17.33
2016-04-07 11:51:02.113143,17.345,17.34,17.33
2016-04-07 11:51:02.584230,17.345,17.34,17.33
2016-04-07 11:51:03.101782,17.345,17.34,17.33
2016-04-07 11:51:03.575870,17.345,17.34,17.33
2016-04-07 11:51:04.239987,17.345,17.34,17.33
2016-04-07 11:51:04.734043,17.345,17.34,17.33
2016-04-07 11:51:05.256706,17.3435,17.34,17.33
2016-04-07 11:51:05.708487,17.3435,17.34,17.33
2016-04-07 11:51:06.433078,17.3435,17.34,17.33
2016-04-07 11:51:06.888198,17.3435,17.34,17.33
2016-04-07 11:51:07.066391,17.3435,17.34,17.33
2016-04-07 11:51:07.856092,17.3435,17.34,17.33
2016-04-07 11:51:08.059767,17.3435,17.34,17.33
2016-04-07 11:51:08.276481,17.3435,17.34,17.33
2016-04-07 11:51:08.472560,17.3435,17.34,17.33
2016-04-07 11:51:08.652691,17.3435,17.34,17.33
2016-04-07 11:51:08.829607,17.3435,17.34,17.33
2016-04-07 11:51:09.006654,17.3435,17.34,17.33
2016-04-07 11:51:09.198655,17.3493,17.34,17.33
2016-04-07 11:51:09.368659,17.3493,17.34,17.33
2016-04-07 11:51:09.537565,17.3493,17.34,17.33
2016-04-07 11:51:09.700883,17.3493,17.34,17.33
2016-04-07 11:51:09.864554,17.3493,17.34,17.33
2016-04-07 11:51:10.030042,17.3493,17.34,17.33
2016-04-07 11:51:10.200598,17.3493,17.34,17.33
2016-04-07 11:51:10.427157,17.3493,17.34,17.33
2016-04-07 11:51:10.594116,17.3493,17.34,17.33
2016-04-07 11:51:10.759332,17.3493,17.34,17.33
2016-04-07 11:51:10.912006,17.3493,17.34,17.33
2016-04-07 11:51:11.077717,17.3493,17.34,17.33
2016-04-07 11:51:11.258957,17.3493,17.34,17.33
2016-04-07 11:51:11.440685,17.3493,17.34,17.33
2016-04-07 11:51:11.620765,17.3493,17.34,17.33
2016-04-07 11:51:11.814601,17.3493,17.34,17.33
2016-04-07 11:51:11.994543,17.3493,17.34,17.33
2016-04-07 11:51:12.176407,17.3493,17.34,17.33
2016-04-07 11:51:12.339245,17.3493,17.34,17.33
2016-04-07 11:51:12.505767,17.3493,17.34,17.33
2016-04-07 11:51:12.723957,17.3493,17.34,17.33
2016-04-07 11:51:12.885516,17.3493,17.34,17.33
2016-04-07 11:51:13.046669,17.3493,17.34,17.33
2016-04-07 11:51:13.206027,17.3493,17.34,17.33
2016-04-07 11:51:13.384597,17.3493,17.34,17.33
2016-04-07 11:51:13.565361,17.3493,17.34,17.33
2016-04-07 11:51:13.751998,17.3493,17.34,17.33
2016-04-07 11:51:13.957964,17.3493,17.34,17.33
2016-04-07 11:51:14.119567,17.3493,17.34,17.33
2016-04-07 11:51:14.280032,17.3493,17.34,17.33
2016-04-07 11:51:14.444773,17.3493,17.34,17.33
2016-04-07 11:51:14.610028,17.3493,17.34,17.33
2016-04-07 11:51:14.824026,17.3493,17.34,17.33
2016-04-07 11:51:15.011923,17.3493,17.34,17.33
2016-04-07 11:51:15.297137,17.3493,17.34,17.33
2016-04-07 11:51:15.469685,17.3493,17.34,17.33
2016-04-07 11:51:15.638051,17.3493,17.34,17.33
2016-04-07 11:51:15.810007,17.3493,17.34,17.33
2016-04-07 11:51:16.021853,17.3493,17.34,17.33
2016-04-07 11:51:16.184222,17.3493,17.34,17.33
2016-04-07 11:51:16.350410,17.3493,17.34,17.33
2016-04-07 11:51:16.638197,17.3493,17.34,17.33
2016-04-07 11:51:16.854069,17.3493,17.34,17.33
2016-04-07 11:51:17.102158,17.3493,17.34,17.33
2016-04-07 11:51:17.269982,17.3493,17.34,17.33
2016-04-07 11:51:17.457115,17.3493,17.34,17.33
2016-04-07 11:51:17.661667,17.3493,17.34,17.33
2016-04-07 11:51:17.851646,17.3493,17.34,17.33
2016-04-07 11:51:18.073629,17.3493,17.34,17.33
2016-04-07 11:51:18.428952,17.3493,17.34,17.33
2016-04-07 11:51:18.726423,17.3493,17.34,17.33
2016-04-07 11:51:18.914862,17.3493,17.34,17.33
2016-04-07 11:51:19.087204,17.3493,17.34,17.33
2016-04-07 11:51:19.300355,17.3493,17.34,17.33
2016-04-07 11:51:19.523171,17.3493,17.34,17.33
2016-04-07 11:51:19.733161,17.3493,17.34,17.33
2016-04-07 11:51:19.902187,17.3493,17.34,17.33
2016-04-07 11:51:21.171278,17.3493,17.34,17.33
2016-04-07 11:51:21.508933,17.3493,17.34,17.33
2016-04-07 11:51:21.703784,17.3493,17.34,17.33
2016-04-07 11:51:21.885479,17.3493,17.34,17.33
2016-04-07 11:51:22.053987,17.3493,17.34,17.33
2016-04-07 11:51:22.249978,17.3493,17.34,17.33
2016-04-07 11:51:22.427013,17.3493,17.34,17.33
2016-04-07 11:51:22.583995,17.3493,17.34,17.33
2016-04-07 11:51:22.746976,17.3493,17.34,17.33
2016-04-07 11:51:22.939803,17.3493,17.34,17.33
2016-04-07 11:51:23.099809,17.3493,17.34,17.33
2016-04-07 11:51:23.272277,17.3493,17.34,17.33
2016-04-07 11:51:23.443410,17.3493,17.34,17.33
2016-04-07 11:51:23.598939,17.3493,17.34,17.33
2016-04-07 11:51:23.761809,17.3493,17.34,17.33
2016-04-07 11:51:23.914093,17.3493,17.34,17.33
2016-04-07 11:51:24.070961,17.3493,17.34,17.33
2016-04-07 11:51:24.243123,17.3493,17.34,17.33
2016-04-07 11:51:24.444325,17.3493,17.34,17.33
2016-04-07 11:51:24.615246,17.3493,17.34,17.33
2016-04-07 11:51:24.827742,17.3493,17.34,17.33
2016-04-07 11:51:24.991099,17.3493,17.34,17.33
2016-04-07 11:51:26.213085,17.3493,17.34,17.33
2016-04-07 11:51:26.402484,17.3493,17.34,17.33
2016-04-07 11:51:26.594153,17.3493,17.34,17.33
2016-04-07 11:51:26.831350,17.3493,17.34,17.33
2016-04-07 11:51:27.016040,17.3493,17.34,17.33
2016-04-07 11:51:27.183039,17.3493,17.34,17.33
2016-04-07 11:51:27.379890,17.3493,17.34,17.33
2016-04-07 11:51:27.549203,17.3493,17.34,17.33
2016-04-07 11:51:27.722021,17.3493,17.34,17.33
2016-04-07 11:51:27.899693,17.3493,17.34,17.33
2016-04-07 11:51:28.088382,17.3493,17.34,17.33
2016-04-07 11:51:28.264615,17.3493,17.34,17.33
2016-04-07 11:51:28.448523,17.3493,17.34,17.33
2016-04-07 11:51:28.637093,17.345,17.34,17.33
2016-04-07 11:51:28.836611,17.345,17.34,17.33
2016-04-07 11:51:29.007946,17.345,17.34,17.33
2016-04-07 11:51:29.182603,17.345,17.34,17.33
2016-04-07 11:51:29.354290,17.345,17.34,17.33
2016-04-07 11:51:29.529801,17.345,17.34,17.33
2016-04-07 11:51:29.695370,17.345,17.34,17.33
2016-04-07 11:51:29.854561,17.345,17.34,17.33
2016-04-07 11:51:30.034097,17.345,17.34,17.33
2016-04-07 11:51:30.207909,17.345,17.34,17.33
2016-04-07 11:51:30.371359,17.345,17.34,17.33
2016-04-07 11:51:30.557877,17.345,17.34,17.33
2016-04-07 11:51:30.737682,17.345,17.34,17.33
2016-04-07 11:51:30.940443,17.345,17.34,17.33
2016-04-07 11:51:31.115991,17.345,17.34,17.33
2016-04-07 11:51:31.325759,17.345,17.34,17.33
2016-04-07 11:51:31.522259,17.345,17.34,17.33
2016-04-07 11:51:31.700645,17.345,17.36,17.35
2016-04-07 11:51:31.927421,17.345,17.36,17.35
2016-04-07 11:51:32.103924,17.345,17.36,17.35
2016-04-07 11:51:32.281333,17.345,17.36,17.35
2016-04-07 11:51:32.476138,17.345,17.36,17.35
2016-04-07 11:51:32.651770,17.345,17.36,17.35
2016-04-07 11:51:32.840740,17.345,17.36,17.35
2016-04-07 11:51:33.025901,17.345,17.36,17.35
2016-04-07 11:51:33.191047,17.345,17.36,17.35
2016-04-07 11:51:33.365233,17.3301,17.36,17.35
2016-04-07 11:51:33.526933,17.3301,17.36,17.35
2016-04-07 11:51:33.694193,17.3301,17.36,17.35
2016-04-07 11:51:33.866537,17.3301,17.36,17.35
2016-04-07 11:51:34.039939,17.3301,17.36,17.35
2016-04-07 11:51:34.219769,17.3301,17.36,17.35
2016-04-07 11:51:34.420363,17.3301,17.36,17.35
2016-04-07 11:51:34.585617,17.3301,17.36,17.35
2016-04-07 11:51:34.752660,17.3301,17.36,17.35
2016-04-07 11:51:34.956610,17.3301,17.36,17.35
2016-04-07 11:51:35.229422,17.3301,17.36,17.35
2016-04-07 11:51:35.425466,17.3301,17.36,17.35
2016-04-07 11:51:35.587912,17.3301,17.36,17.35
2016-04-07 11:51:35.776049,17.34,17.36,17.35
2016-04-07 11:51:35.935955,17.34,17.36,17.35
2016-04-07 11:51:36.091734,17.34,17.36,17.35
2016-04-07 11:51:36.338207,17.34,17.36,17.35
2016-04-07 11:51:36.497920,17.34,17.36,17.35
2016-04-07 11:51:36.649102,17.34,17.36,17.35
2016-04-07 11:51:36.808844,17.34,17.36,17.35
2016-04-07 11:51:36.981521,17.34,17.36,17.35
2016-04-07 11:51:37.138443,17.34,17.36,17.35
2016-04-07 11:51:37.312855,17.34,17.36,17.35
2016-04-07 11:51:37.470518,17.34,17.36,17.35
2016-04-07 11:51:37.653502,17.34,17.36,17.35
2016-04-07 11:51:37.808367,17.34,17.36,17.35
2016-04-07 11:51:37.985992,17.34,17.36,17.35
2016-04-07 11:51:38.181851,17.34,17.36,17.35
2016-04-07 11:51:38.362880,17.34,17.36,17.35
2016-04-07 11:51:38.543636,17.34,17.36,17.35
2016-04-07 11:51:38.714155,17.34,17.36,17.35
2016-04-07 11:51:38.886674,17.34,17.36,17.35
2016-04-07 11:51:39.046395,17.34,17.36,17.35
2016-04-07 11:51:39.212961,17.34,17.36,17.35
2016-04-07 11:51:39.529401,17.34,17.36,17.35
2016-04-07 11:51:39.695442,17.34,17.36,17.35
2016-04-07 11:51:39.853049,17.34,17.36,17.35
2016-04-07 11:51:40.033985,17.34,17.36,17.35
2016-04-07 11:51:40.202449,17.34,17.36,17.35
2016-04-07 11:51:40.363271,17.335,17.36,17.35
2016-04-07 11:51:40.542270,17.335,17.36,17.35
2016-04-07 11:51:40.700127,17.335,17.36,17.35
2016-04-07 11:51:40.930078,17.335,17.36,17.35
2016-04-07 11:51:41.093535,17.335,17.36,17.35
2016-04-07 11:51:41.261086,17.335,17.36,17.35
2016-04-07 11:51:41.475396,17.335,17.36,17.35
2016-04-07 11:51:41.641059,17.335,17.36,17.35
2016-04-07 11:51:41.832490,17.335,17.36,17.35
2016-04-07 11:51:42.000706,17.335,17.36,17.35
2016-04-07 11:51:42.172622,17.335,17.36,17.35
2016-04-07 11:51:42.329568,17.335,17.36,17.35
2016-04-07 11:51:42.489728,17.335,17.36,17.35
2016-04-07 11:51:42.661022,17.335,17.36,17.35
2016-04-07 11:51:42.828026,17.335,17.36,17.35
2016-04-07 11:51:42.980538,17.335,17.36,17.35
2016-04-07 11:51:43.142445,17.335,17.36,17.35
2016-04-07 11:51:43.342955,17.335,17.36,17.35
2016-04-07 11:51:43.623911,17.335,17.36,17.35
2016-04-07 11:51:43.783440,17.335,17.36,17.35
2016-04-07 11:51:44.070647,17.335,17.36,17.35
2016-04-07 11:51:44.232022,17.335,17.36,17.35
2016-04-07 11:51:44.402213,17.335,17.36,17.35
2016-04-07 11:51:44.569769,17.335,17.36,17.35
2016-04-07 11:51:44.738741,17.335,17.36,17.35
2016-04-07 11:51:44.896875,17.335,17.36,17.35
2016-04-07 11:51:45.050549,17.335,17.36,17.35
2016-04-07 11:51:45.213966,17.335,17.36,17.35
2016-04-07 11:51:45.365942,17.335,17.36,17.35
2016-04-07 11:51:45.511912,17.335,17.36,17.35
2016-04-07 11:51:45.669275,17.335,17.35,17.34
2016-04-07 11:51:45.827436,17.335,17.35,17.34
2016-04-07 11:51:46.014586,17.335,17.35,17.34
2016-04-07 11:51:46.169755,17.335,17.35,17.34
2016-04-07 11:51:46.332091,17.335,17.35,17.34
2016-04-07 11:51:46.526044,17.335,17.35,17.34
2016-04-07 11:51:46.702871,17.335,17.35,17.34
2016-04-07 11:51:46.863900,17.335,17.35,17.34
2016-04-07 11:51:47.074155,17.335,17.35,17.34
2016-04-07 11:51:47.229446,17.335,17.35,17.34
2016-04-07 11:51:47.396165,17.335,17.35,17.34
2016-04-07 11:51:47.573570,17.335,17.35,17.34
2016-04-07 11:51:47.766262,17.335,17.35,17.34
2016-04-07 11:51:47.962257,17.335,17.35,17.34
2016-04-07 11:51:48.132722,17.335,17.35,17.34
2016-04-07 11:51:48.324210,17.335,17.35,17.34
2016-04-07 11:51:48.494965,17.335,17.35,17.34
2016-04-07 11:51:48.657096,17.335,17.35,17.34
2016-04-07 11:51:48.815405,17.335,17.35,17.34
2016-04-07 11:51:48.974010,17.335,17.35,17.34
2016-04-07 11:51:49.137012,17.335,17.35,17.34
2016-04-07 11:51:49.310477,17.335,17.35,17.34
2016-04-07 11:51:49.487987,17.33,17.35,17.34
2016-04-07 11:51:49.750816,17.3325,17.35,17.34
2016-04-07 11:51:49.945316,17.3325,17.35,17.34
2016-04-07 11:51:50.109838,17.3325,17.35,17.34
2016-04-07 11:51:50.285219,17.3325,17.35,17.34
2016-04-07 11:51:50.485115,17.3325,17.35,17.34
2016-04-07 11:51:50.651054,17.3325,17.35,17.34
2016-04-07 11:51:50.825962,17.3325,17.35,17.34
2016-04-07 11:51:51.033651,17.3325,17.35,17.34
2016-04-07 11:51:51.198836,17.3325,17.35,17.34
2016-04-07 11:51:51.362210,17.3325,17.35,17.34
2016-04-07 11:51:51.525645,17.3325,17.35,17.34
2016-04-07 11:51:51.821043,17.3325,17.35,17.34
2016-04-07 11:51:52.007722,17.3325,17.35,17.34
2016-04-07 11:51:52.173704,17.3325,17.35,17.34
2016-04-07 11:51:52.327615,17.3325,17.35,17.34
2016-04-07 11:51:52.504003,17.3325,17.35,17.34
2016-04-07 11:51:52.666009,17.3325,17.35,17.34
2016-04-07 11:51:52.831711,17.3325,17.35,17.34
2016-04-07 11:51:53.002172,17.3325,17.35,17.34
2016-04-07 11:51:53.165315,17.3325,17.35,17.34
2016-04-07 11:51:53.343776,17.3325,17.35,17.34
2016-04-07 11:51:53.519151,17.3325,17.35,17.34
2016-04-07 11:51:53.688223,17.3325,17.35,17.34
2016-04-07 11:51:53.843931,17.33,17.35,17.34
2016-04-07 11:51:54.001268,17.33,17.35,17.34
2016-04-07 11:51:54.183955,17.33,17.35,17.34
2016-04-07 11:51:54.346537,17.33,17.35,17.34
2016-04-07 11:51:54.504673,17.33,17.35,17.34
2016-04-07 11:51:54.673432,17.33,17.35,17.34
2016-04-07 11:51:54.857266,17.33,17.35,17.34
2016-04-07 11:51:55.016084,17.33,17.35,17.34
2016-04-07 11:51:55.225914,17.33,17.35,17.34
2016-04-07 11:51:55.405201,17.33,17.35,17.34
2016-04-07 11:51:55.582715,17.33,17.35,17.34
2016-04-07 11:51:55.765834,17.33,17.35,17.34
2016-04-07 11:51:55.936437,17.33,17.35,17.34
2016-04-07 11:51:56.121632,17.33,17.35,17.34
2016-04-07 11:51:56.295811,17.33,17.35,17.34
2016-04-07 11:51:56.456772,17.33,17.35,17.34
2016-04-07 11:51:56.653974,17.33,17.35,17.34
2016-04-07 11:51:56.820757,17.33,17.35,17.34
2016-04-07 11:51:56.978847,17.33,17.35,17.34
2016-04-07 11:51:57.135090,17.33,17.35,17.34
2016-04-07 11:51:57.680144,17.33,17.35,17.34
2016-04-07 11:51:58.190950,17.33,17.35,17.34
2016-04-07 11:51:58.661744,17.33,17.35,17.34
2016-04-07 11:51:59.235747,17.33,17.35,17.34
2016-04-07 11:52:00.066619,17.336,17.35,17.34
2016-04-07 11:52:00.550967,17.336,17.35,17.34
2016-04-07 11:52:01.056038,17.34,17.35,17.34
2016-04-07 11:52:01.575231,17.34,17.35,17.34
2016-04-07 11:52:02.077906,17.34,17.35,17.34
2016-04-07 11:52:02.590085,17.34,17.35,17.34
2016-04-07 11:52:03.031859,17.34,17.35,17.34
2016-04-07 11:52:03.491350,17.34,17.35,17.34
2016-04-07 11:52:04.023302,17.34,17.35,17.34
2016-04-07 11:52:04.621576,17.34,17.35,17.34
2016-04-07 11:52:05.115604,17.34,17.35,17.34
2016-04-07 11:52:05.735008,17.335,17.35,17.34
2016-04-07 11:52:06.291589,17.3301,17.35,17.34
2016-04-07 11:52:06.737510,17.3301,17.35,17.34
2016-04-07 11:52:07.225396,17.3301,17.35,17.34
2016-04-07 11:52:07.383732,17.3301,17.35,17.34
2016-04-07 11:52:07.969218,17.3301,17.35,17.34
2016-04-07 11:52:08.147877,17.3301,17.35,17.34
2016-04-07 11:52:08.341927,17.34,17.35,17.34
2016-04-07 11:52:08.526189,17.34,17.35,17.34
2016-04-07 11:52:08.695430,17.34,17.35,17.34
2016-04-07 11:52:08.892439,17.34,17.35,17.34
2016-04-07 11:52:09.079643,17.34,17.35,17.34
2016-04-07 11:52:09.253892,17.335,17.35,17.34
2016-04-07 11:52:09.420704,17.335,17.35,17.34
2016-04-07 11:52:09.593008,17.335,17.35,17.34
2016-04-07 11:52:09.757769,17.335,17.35,17.34
2016-04-07 11:52:09.940696,17.335,17.35,17.34
2016-04-07 11:52:10.499083,17.335,17.35,17.34
2016-04-07 11:52:10.662408,17.335,17.35,17.34
2016-04-07 11:52:10.853315,17.335,17.35,17.34
2016-04-07 11:52:11.028345,17.335,17.35,17.34
2016-04-07 11:52:11.195108,17.335,17.35,17.34
2016-04-07 11:52:11.372644,17.335,17.35,17.34
2016-04-07 11:52:11.533210,17.335,17.35,17.34
2016-04-07 11:52:11.708829,17.335,17.35,17.34
2016-04-07 11:52:11.878601,17.335,17.35,17.34
2016-04-07 11:52:12.076327,17.335,17.35,17.34
2016-04-07 11:52:12.244590,17.335,17.35,17.34
2016-04-07 11:52:12.415974,17.335,17.35,17.34
2016-04-07 11:52:12.587138,17.335,17.35,17.34
2016-04-07 11:52:12.867477,17.335,17.35,17.34
2016-04-07 11:52:13.030299,17.335,17.35,17.34
2016-04-07 11:52:13.187608,17.335,17.35,17.34
2016-04-07 11:52:13.494278,17.335,17.35,17.34
2016-04-07 11:52:13.657367,17.335,17.35,17.34
2016-04-07 11:52:13.829082,17.335,17.35,17.34
2016-04-07 11:52:14.021203,17.335,17.35,17.34
2016-04-07 11:52:14.198962,17.335,17.35,17.34
2016-04-07 11:52:14.361000,17.335,17.35,17.34
2016-04-07 11:52:14.629884,17.335,17.35,17.34
2016-04-07 11:52:14.794524,17.335,17.35,17.34
2016-04-07 11:52:14.970922,17.335,17.35,17.34
2016-04-07 11:52:15.140794,17.335,17.35,17.34
2016-04-07 11:52:15.458549,17.335,17.35,17.34
2016-04-07 11:52:16.550456,17.335,17.35,17.34
2016-04-07 11:52:17.250727,17.335,17.35,17.34
2016-04-07 11:52:17.659521,17.335,17.35,17.34
2016-04-07 11:52:18.072849,17.3305,17.35,17.34
2016-04-07 11:52:18.410657,17.3305,17.35,17.34
2016-04-07 11:52:18.823755,17.3305,17.35,17.34
2016-04-07 11:52:19.219088,17.3305,17.35,17.34
2016-04-07 11:52:19.451349,17.3305,17.35,17.34
2016-04-07 11:52:19.630634,17.3305,17.35,17.34
2016-04-07 11:52:19.822213,17.3305,17.35,17.34
2016-04-07 11:52:20.031508,17.3305,17.35,17.34
2016-04-07 11:52:20.196230,17.3305,17.35,17.34
2016-04-07 11:52:20.399075,17.3305,17.35,17.34
2016-04-07 11:52:20.594933,17.3305,17.35,17.34
2016-04-07 11:52:20.764602,17.3305,17.35,17.34
2016-04-07 11:52:21.041814,17.3305,17.35,17.34
2016-04-07 11:52:21.445475,17.3305,17.35,17.34
2016-04-07 11:52:21.633619,17.3305,17.35,17.34
2016-04-07 11:52:21.800541,17.3305,17.35,17.34
2016-04-07 11:52:21.967902,17.3399,17.35,17.34
2016-04-07 11:52:22.132940,17.3399,17.35,17.34
2016-04-07 11:52:22.328742,17.3399,17.35,17.34
2016-04-07 11:52:22.493293,17.3399,17.35,17.34
2016-04-07 11:52:22.660490,17.3399,17.35,17.34
2016-04-07 11:52:22.840774,17.3399,17.35,17.34
2016-04-07 11:52:23.040396,17.3399,17.35,17.34
2016-04-07 11:52:23.210073,17.3399,17.35,17.34
2016-04-07 11:52:23.382310,17.3399,17.35,17.34
2016-04-07 11:52:23.543648,17.3399,17.35,17.34
2016-04-07 11:52:23.733263,17.3399,17.35,17.34
2016-04-07 11:52:23.932234,17.3399,17.35,17.34
2016-04-07 11:52:24.102990,17.3399,17.35,17.34
2016-04-07 11:52:24.293486,17.3399,17.35,17.34
2016-04-07 11:52:24.482926,17.3399,17.35,17.34
2016-04-07 11:52:24.683652,17.3399,17.35,17.34
2016-04-07 11:52:24.868090,17.3399,17.35,17.34
2016-04-07 11:52:25.151827,17.3399,17.35,17.34
2016-04-07 11:52:25.372440,17.3399,17.35,17.34
2016-04-07 11:52:25.577473,17.3399,17.35,17.34
2016-04-07 11:52:25.770156,17.3399,17.35,17.34
2016-04-07 11:52:25.961184,17.3399,17.35,17.34
2016-04-07 11:52:26.216490,17.3399,17.35,17.34
2016-04-07 11:52:26.386860,17.3399,17.35,17.34
2016-04-07 11:52:26.546912,17.3399,17.35,17.34
2016-04-07 11:52:26.710171,17.3399,17.35,17.34
2016-04-07 11:52:26.886054,17.3399,17.35,17.34
2016-04-07 11:52:27.060087,17.3399,17.35,17.34
2016-04-07 11:52:27.238599,17.3399,17.35,17.34
2016-04-07 11:52:27.417532,17.3399,17.35,17.34
2016-04-07 11:52:27.602316,17.3399,17.35,17.34
2016-04-07 11:52:27.759153,17.3399,17.35,17.34
2016-04-07 11:52:27.932220,17.3399,17.35,17.34
2016-04-07 11:52:28.130347,17.3399,17.35,17.34
2016-04-07 11:52:28.316589,17.335,17.35,17.34
2016-04-07 11:52:28.506484,17.335,17.35,17.34
2016-04-07 11:52:28.784287,17.335,17.35,17.34
2016-04-07 11:52:28.956514,17.335,17.35,17.34
2016-04-07 11:52:29.137913,17.335,17.35,17.34
2016-04-07 11:52:29.333221,17.335,17.35,17.34
2016-04-07 11:52:29.496270,17.335,17.35,17.34
2016-04-07 11:52:29.653760,17.335,17.35,17.34
2016-04-07 11:52:29.822215,17.335,17.35,17.34
2016-04-07 11:52:30.116990,17.335,17.35,17.34
2016-04-07 11:52:30.270823,17.335,17.35,17.34
2016-04-07 11:52:30.444063,17.335,17.35,17.34
2016-04-07 11:52:30.629384,17.335,17.35,17.34
2016-04-07 11:52:30.803844,17.335,17.35,17.34
2016-04-07 11:52:30.985343,17.335,17.35,17.34
2016-04-07 11:52:31.144547,17.335,17.35,17.34
2016-04-07 11:52:31.390458,17.335,17.35,17.34
2016-04-07 11:52:31.584166,17.335,17.35,17.34
2016-04-07 11:52:31.745437,17.3314,17.35,17.34
2016-04-07 11:52:31.919292,17.3314,17.35,17.34
2016-04-07 11:52:32.096951,17.3314,17.35,17.34
2016-04-07 11:52:32.301533,17.3314,17.35,17.34
2016-04-07 11:52:32.482781,17.3314,17.37,17.36
2016-04-07 11:52:33.077490,17.3314,17.37,17.36
2016-04-07 11:52:33.336275,17.3314,17.37,17.36
2016-04-07 11:52:33.506468,17.3314,17.37,17.36
2016-04-07 11:52:33.682696,17.3314,17.37,17.36
2016-04-07 11:52:33.864239,17.3314,17.37,17.36
2016-04-07 11:52:34.020730,17.3314,17.37,17.36
2016-04-07 11:52:34.213523,17.3314,17.37,17.36
2016-04-07 11:52:34.451989,17.3314,17.37,17.36
2016-04-07 11:52:34.634499,17.3314,17.37,17.36
2016-04-07 11:52:34.824080,17.3314,17.37,17.36
2016-04-07 11:52:35.001990,17.3314,17.37,17.36
2016-04-07 11:52:35.197089,17.33,17.37,17.36
2016-04-07 11:52:35.413585,17.33,17.37,17.36
2016-04-07 11:52:35.617836,17.33,17.37,17.36
2016-04-07 11:52:35.935777,17.33,17.37,17.36
2016-04-07 11:52:36.118999,17.33,17.37,17.36
2016-04-07 11:52:36.285986,17.33,17.37,17.36
2016-04-07 11:52:36.495523,17.33,17.37,17.36
2016-04-07 11:52:36.667847,17.33,17.37,17.36
2016-04-07 11:52:36.842977,17.33,17.37,17.36
2016-04-07 11:52:37.014332,17.33,17.37,17.36
2016-04-07 11:52:37.197147,17.33,17.37,17.36
2016-04-07 11:52:37.366813,17.33,17.37,17.36
2016-04-07 11:52:37.537679,17.33,17.37,17.36
2016-04-07 11:52:37.760602,17.33,17.37,17.36
2016-04-07 11:52:37.944119,17.33,17.37,17.36
2016-04-07 11:52:38.139178,17.33,17.37,17.36
2016-04-07 11:52:38.331536,17.33,17.37,17.36
2016-04-07 11:52:38.513163,17.33,17.37,17.36
2016-04-07 11:52:38.684254,17.33,17.37,17.36
2016-04-07 11:52:38.883858,17.33,17.37,17.36
2016-04-07 11:52:39.057009,17.33,17.37,17.36
2016-04-07 11:52:39.227436,17.33,17.37,17.36
2016-04-07 11:52:39.417543,17.34,17.37,17.36
2016-04-07 11:52:39.621823,17.34,17.37,17.36
2016-04-07 11:52:39.856241,17.34,17.37,17.36
2016-04-07 11:52:40.026181,17.34,17.37,17.36
2016-04-07 11:52:40.199825,17.34,17.37,17.36
2016-04-07 11:52:40.399584,17.34,17.37,17.36
2016-04-07 11:52:40.566264,17.34,17.37,17.36
2016-04-07 11:52:40.732524,17.34,17.37,17.36
2016-04-07 11:52:40.896064,17.34,17.37,17.36
2016-04-07 11:52:41.075023,17.34,17.37,17.36
2016-04-07 11:52:41.246227,17.34,17.37,17.36
2016-04-07 11:52:41.430054,17.34,17.37,17.36
2016-04-07 11:52:41.597118,17.34,17.37,17.36
2016-04-07 11:52:41.787824,17.34,17.37,17.36
2016-04-07 11:52:41.940456,17.34,17.37,17.36
2016-04-07 11:52:42.116399,17.34,17.37,17.36
2016-04-07 11:52:42.292593,17.34,17.37,17.36
2016-04-07 11:52:42.468941,17.34,17.37,17.36
2016-04-07 11:52:42.632160,17.34,17.37,17.36
2016-04-07 11:52:42.808656,17.34,17.37,17.36
2016-04-07 11:52:42.973190,17.34,17.37,17.36
2016-04-07 11:52:43.543213,17.34,17.37,17.36
2016-04-07 11:52:43.823298,17.34,17.37,17.36
2016-04-07 11:52:44.182296,17.34,17.37,17.36
2016-04-07 11:52:44.589680,17.34,17.37,17.36
2016-04-07 11:52:44.903346,17.34,17.37,17.36
2016-04-07 11:52:45.306928,17.34,17.37,17.36
2016-04-07 11:52:45.764723,17.34,17.36,17.35
2016-04-07 11:52:45.936274,17.34,17.36,17.35
2016-04-07 11:52:46.138294,17.34,17.36,17.35
2016-04-07 11:52:46.296853,17.34,17.36,17.35
2016-04-07 11:52:46.503546,17.34,17.36,17.35
2016-04-07 11:52:46.672673,17.34,17.36,17.35
2016-04-07 11:52:46.851268,17.34,17.36,17.35
2016-04-07 11:52:47.023103,17.34,17.36,17.35
2016-04-07 11:52:47.187222,17.34,17.36,17.35
2016-04-07 11:52:47.354681,17.34,17.36,17.35
2016-04-07 11:52:47.507987,17.34,17.36,17.35
2016-04-07 11:52:47.678663,17.3376,17.36,17.35
2016-04-07 11:52:47.874726,17.3376,17.36,17.35
2016-04-07 11:52:48.051852,17.3376,17.36,17.35
2016-04-07 11:52:48.239728,17.3376,17.36,17.35
2016-04-07 11:52:48.400841,17.3376,17.36,17.35
2016-04-07 11:52:48.597615,17.3376,17.36,17.35
2016-04-07 11:52:48.785547,17.3376,17.36,17.35
2016-04-07 11:52:48.946686,17.3376,17.36,17.35
2016-04-07 11:52:49.118834,17.3376,17.36,17.35
2016-04-07 11:52:49.284653,17.3376,17.36,17.35
2016-04-07 11:52:49.463167,17.335,17.36,17.35
2016-04-07 11:52:49.643947,17.335,17.36,17.35
2016-04-07 11:52:49.851663,17.335,17.36,17.35
2016-04-07 11:52:50.030192,17.335,17.36,17.35
2016-04-07 11:52:50.221121,17.335,17.36,17.35
2016-04-07 11:52:50.407079,17.335,17.36,17.35
2016-04-07 11:52:50.582641,17.335,17.36,17.35
2016-04-07 11:52:50.769472,17.335,17.36,17.35
2016-04-07 11:52:50.936390,17.335,17.36,17.35
2016-04-07 11:52:51.105633,17.335,17.36,17.35
2016-04-07 11:52:51.261844,17.335,17.36,17.35
2016-04-07 11:52:51.414693,17.335,17.36,17.35
2016-04-07 11:52:51.587661,17.335,17.36,17.35
2016-04-07 11:52:51.763682,17.335,17.36,17.35
2016-04-07 11:52:51.931871,17.335,17.36,17.35
2016-04-07 11:52:52.092187,17.335,17.36,17.35
2016-04-07 11:52:52.263629,17.335,17.36,17.35
